2372 3082
2102 347 2240 399 »ψῆρξλόᾯα

2186 414 2207 467 χ

2185 384 2241 584 ῗξζδξ

608 555 657 589 ut
676 563 761 589 non
784 550 937 589 mirum
969 549 1022 589 sit
1042 548 1134 588 illos
1165 547 1416 589 Gandavum
1440 563 1572 604 usque
1590 550 1823 605 implevisse
1843 554 1999 595 omnia.
2063 576 2066 577 ⁷

606 615 712 654 Sunt
747 614 821 669 qui
856 614 968 654 hanc
1008 614 1187 656 Gaidam
1220 614 1393 656 Caesaris
1428 616 1474 655 in
1509 616 1777 658 monimentis
1817 620 2003 674 antiquis

605 680 868 720 nominatam
907 681 1101 731 tradant,
1141 686 1269 735 atque
1305 687 1404 720 ante
1439 679 1614 721 Caesaris
1649 681 1878 724 adventum
1914 685 2002 725 Od-

604 759 723 785 veam
752 745 929 796 dictam,
961 747 1106 801 ibique
1134 747 1233 786 olim
1263 748 1436 787 inventa
1455 746 1660 803 cujusque
1690 748 1826 788 aetatis
1846 743 2002 791 morta-

603 812 707 851 lium
722 811 858 852 ferrea
874 812 1174 861 calciamenta,
1198 812 1462 866 parietesque
1484 812 1689 852 lateritios
1710 814 1811 853 artis
1836 814 1997 868 priscae.

602 877 710 916 Sunt
744 878 845 917 item
879 879 954 932 qui
990 876 1261 917 Gesoriacum
1290 878 1440 918 navale
1467 877 1593 919 fuisse
1623 883 1795 933 putent,
1836 878 2003 933 duoque

602 942 703 983 hinc
728 942 829 983 fana
859 943 1066 983 Mercurio
1097 944 1258 995 dicata,
1291 945 1336 984 in
1371 945 1485 985 Petri
1521 945 1786 998 Bavonisque
1821 945 2003 999 denique

602 1022 804 1048 conversa
829 1009 1003 1063 templa.
1034 1008 1189 1048 Salutis
1219 1023 1331 1048 anno
1360 1008 1495 1049 CCCC
1521 1009 1603 1060 XI,
1635 1009 1798 1050 Caesare
1817 1010 2002 1050 Honorio

603 1072 784 1113 Carocus
806 1072 1095 1114 Vandalorum
1116 1089 1188 1114 rex
1208 1075 1262 1115 ab
1284 1075 1431 1115 insulis
1447 1075 1695 1116 Scaudianis
1721 1090 1817 1115 cum
1837 1076 2001 1129 ingenti

602 1137 822 1178 hominum
839 1139 1127 1190 multitudine,
1147 1141 1191 1180 in
1209 1154 1295 1195 qua
1310 1146 1432 1181 erant
1448 1139 1644 1192 Vandali,
1670 1141 1812 1191 Suevi,
1833 1141 2002 1181 Halani-

603 1218 685 1258 que
706 1204 933 1259 profectus,
958 1204 1004 1244 in
1030 1206 1178 1259 Belgas
1199 1207 1371 1261 irrupit,
1397 1221 1625 1261 eorumque
1647 1208 1770 1248 urbes
1793 1222 1999 1262 agrosque

600 1282 757 1322 magna
791 1283 840 1308 ex
876 1275 995 1324 parte
1030 1269 1207 1326 diripuit
1235 1277 1278 1311 et
1313 1271 1517 1311 incendit.
1566 1272 1687 1314 Tunc
1727 1274 1909 1314 Vandali
1946 1275 2000 1328 (si

599 1334 684 1374 veri
714 1339 812 1373 sunt
838 1334 1170 1375 Hanoniensium
1200 1337 1415 1390 annales),
1449 1337 1504 1377 ad
1533 1338 1815 1380 confluentem
1840 1339 2000 1380 Scaldis

599 1404 641 1438 et
660 1399 781 1454 Lysae
802 1413 963 1455 coepere
984 1400 1206 1455 oppidum,
1238 1402 1367 1456 idque
1398 1416 1651 1458 quocunque
1681 1410 1808 1444 antea
1838 1405 1998 1445 dictum

596 1466 767 1505 nomine
795 1465 874 1520 ipsi
903 1466 1068 1506 Wandt
1092 1475 1465 1522 nuncupaverunt,
1501 1484 1575 1511 sua
1604 1471 1662 1511 ibi
1684 1472 1866 1526 insignia
1894 1486 1997 1512 con-

596 1530 842 1579 stituerunt,
882 1538 1045 1572 scutum
1076 1533 1245 1587 nigrum
1280 1533 1399 1589 cujus
1434 1535 1479 1574 in
1511 1536 1649 1576 medio
1681 1543 1882 1590 argentea
1912 1536 1996 1577 ful-

596 1595 722 1648 gebat
756 1595 1026 1650 chyrotheca.
1062 1598 1143 1638 Per
1177 1599 1287 1639 idem
1323 1601 1521 1654 temporis
1551 1607 1592 1640 et
1621 1600 1749 1641 Gothi
1777 1602 1822 1641 in
1855 1601 1991 1643 Gallia

597 1660 912 1712 grassabantur.
946 1661 980 1700 li
1011 1676 1061 1701 ex
1089 1661 1245 1717 Bajaco
1276 1678 1326 1703 ac
1358 1666 1535 1705 castellis
1563 1667 1689 1721 sylvae
1720 1667 1992 1709 Carbonariae

596 1723 810 1764 Vandalos
827 1734 1074 1780 exegerunt,
1100 1729 1171 1769 secl
1191 1744 1241 1769 ex
1257 1730 1429 1771 Wanda
1450 1746 1544 1772 cum
1566 1735 1721 1788 pellere
1742 1735 1987 1789 nequirent,

598 1790 680 1830 duo
703 1791 922 1833 adversum
952 1807 1019 1834 cos
1049 1796 1336 1836 excitaverunt
1365 1799 1555 1848 castella,
1595 1813 1775 1853 quorum
1812 1800 1991 1840 alterum

598 1870 712 1895 nunc
747 1856 959 1907 Alostum,
1002 1861 1180 1901 alterum
1223 1863 1430 1902 vocitatur
1469 1861 1727 1904 Aldenarda.
1771 1864 1992 1905 Proditum

543 1978 546 1979 γ
596 1922 764 1962 invenio
817 1925 1030 1965 memoriae
1085 1933 1178 1980 post
1220 1941 1380 1967 annum
1419 1927 1505 1968 489
1550 1943 1680 1983 quam
1720 1936 1781 1969 est
1820 1937 1991 1985 accepta

597 1989 728 2037 salus,
754 1987 1009 2029 Clodoveum
1041 1989 1301 2030 Francorum
1331 2006 1473 2045 regem
1503 1994 1632 2046 pulsis
1670 1993 1871 2036 Gandavo
1901 1994 1990 2034 Ro-

596 2052 754 2101 manis,
782 2051 854 2107 jus
885 2067 1008 2094 omne
1033 2054 1319 2109 ditionemque
1348 2055 1437 2112 ejus
1466 2058 1547 2098 loci
1572 2059 1626 2098 ad
1645 2058 1828 2100 Francos
1849 2067 1990 2101 trans-

596 2118 752 2157 tulisse.
786 2117 901 2172 Rege
930 2119 1165 2174 Dagoberto
1191 2119 1432 2161 Gaudenses
1468 2123 1522 2162 ad
1558 2123 1772 2164 Christum
1803 2127 1989 2166 conversi

597 2188 694 2222 sunt
728 2196 803 2236 per
837 2183 1077 2224 Amandum
1112 2185 1379 2239 Tungrorum
1409 2188 1668 2243 episcopum,
1702 2191 1776 2244 qui
1806 2191 1989 2244 primum

596 2247 832 2300 praedicans
862 2248 907 2288 in
937 2264 1046 2304 pago
1073 2251 1299 2306 Menipisco
1327 2253 1543 2295 Troncinii
1573 2256 1808 2296 coenobium
1832 2257 1989 2296 consti-

389 2344 391 2361 4
596 2312 692 2351 tuit.
725 2312 832 2353 Exin
863 2315 907 2354 in
938 2330 1048 2370 pago
1077 2317 1328 2359 Tornacesio
1357 2320 1471 2359 intra
1490 2321 1680 2362 Scaldem
1711 2329 1753 2362 et
1781 2322 1922 2363 Lisam
1943 2322 1987 2361 in

381 2381 398 2517 ς
595 2382 736 2416 monte
770 2378 994 2421 Blandinio
1028 2396 1147 2423 aram
1178 2383 1373 2425 Mercurii
1409 2386 1727 2428 vetustissimam
1757 2388 1982 2435 subvertit,
