2372 3082
153 319 209 488 χ9939

149 2453 179 2560 ,ἃ

178 2481 198 2553 Χ-

184 2534 199 2567 f

160 2504 173 2579 &fx

184 2541 203 2599 a&

175 2602 413 2650 ³0⁴&

178 2604 202 2652 aa.

231 2597 268 2611 'W’

218 2616 235 2630 ἱ
250 2616 281 2621 —s

1041 331 1123 370 (131)

574 552 631 584 Est
653 551 710 584 tibi
740 551 907 584 verborum
933 561 1101 595 rerumque
1123 554 1172 584 est
1197 553 1283 597 copia
1311 553 1413 594 dives,

619 605 660 636 Et
687 603 816 636 nitidam
841 604 912 636 latia
935 602 1040 636 condis
1069 602 1106 636 ab
1134 607 1200 636 arte
1225 604 1387 649 phrasim:

572 656 716 689 Carmine
746 667 800 689 seu
827 660 928 688 tentes
959 660 1078 688 veteres
1103 667 1216 700 equare
1245 662 1373 702 poetas,

618 707 742 740 Ludens
771 707 946 740 dulcisonos
972 707 1124 751 Calliopes
1152 719 1299 741 numeros

571 761 684 793 Dicere
710 771 764 793 seu
792 761 920 793 metrica
950 760 1074 793 studeas
1100 770 1118 791 a
1145 759 1213 803 lege
1241 760 1380 801 solutus,
1408 768 1411 771 ·

618 814 659 845 Et
686 812 794 845 doctos
825 813 907 845 varia
936 812 1083 845 Rhetoris
1109 816 1176 845 arte
1203 814 1312 857 sequi,

575 864 726 899 Concedis
755 866 830 898 nulii
858 866 1009 910 palmam,
1040 866 1176 910 nullique
1202 866 1356 901 secundus

619 920 758 952 Artificis
784 921 864 953 vircs
892 920 1067 963 ingeniique
1090 918 1201 951 refers.

572 971 836 1015 Hystoricamque
866 971 958 1003 sidem
988 972 1120 1003 miratur
1148 972 1274 1012 Livius,
1301 976 1332 1005 et
1355 974 1407 1016 qui

616 1024 739 1056 Primus
766 1026 939 1056 Romanam
969 1024 1107 1055 condidit
1123 1024 1286 1056 historiam

569 1076 672 1119 Digna
696 1075 831 1120 palatino
855 1074 946 1108 condi
973 1079 1026 1108 tua
1054 1075 1191 1108 carmina
1220 1076 1337 1120 templo

617 1130 662 1162 Ut
692 1129 806 1162 cariem
832 1130 930 1162 vitent
956 1132 1090 1173 suntque
1116 1127 1240 1161 linenda
1271 1128 1387 1162 Cedro.

572 1226 686 1259 Sordet
715 1226 806 1259 crede
830 1227 906 1259 mihi
931 1227 1024 1260 misso
1056 1238 1120 1271 prae
1149 1228 1306 1267 carmine,
1337 1228 1421 1262 dives

616 1278 770 1322 Quicquid
797 1279 916 1319 Arabs,
945 1279 1028 1312 foelix
1057 1279 1201 1323 quicquid
1227 1284 1258 1312 ct
1286 1279 1382 1313 Indus
1416 1280 1532 1324 habet;

567 1334 717 1365 Attamen
743 1337 775 1365 et
803 1338 893 1377 grato
920 1333 1016 1367 Nardi
1044 1332 1182 1366 delector
1209 1333 1324 1374 odore,

615 1386 656 1417 Et
683 1395 774 1427 quein
802 1384 865 1418 fert
890 1385 1018 1418 redamo
1046 1390 1130 1418 terra
1161 1385 1268 1417 Cilissa
1297 1388 1445 1419 Crocum.

568 1436 644 1477 Quis
671 1436 728 1468 nisi
757 1437 869 1469 mentis
893 1438 983 1481 inops
1008 1436 1163 1470 Caldaeum
1197 1443 1324 1483 spernat
1351 1441 1547 1473 Amomum?

613 1487 845 1531 Nemphilimve
874 1499 929 1521 suo
959 1490 1077 1521 Coston
1106 1488 1202 1522 odore
1234 1493 1367 1534 parem?

569 1541 710 1584 Suspicio
744 1541 883 1579 Casiam,
911 1551 1100 1584 pcramoquc
1125 1542 1351 1585 Opobalsama,
1383 1548 1415 1576 et
1442 1549 1517 1588 opto

615 1591 748 1624 Condita
772 1592 921 1636 cecropiis
950 1592 1053 1625 Attica
1082 1593 1172 1626 mella
1199 1594 1301 1636 cadis3

570 1645 697 1678 Arridct
724 1646 828 1689 precio
858 1656 919 1677 nux
943 1649 1048 1689 empta
1074 1647 1234 1689 Myristica
1264 1660 1335 1681 caro

616 1700 657 1731 Et
685 1698 768 1742 quod
801 1698 838 1731 ab
869 1699 983 1741 ignotis
1011 1698 1117 1743 prodit
1150 1701 1268 1733 Aroma
1298 1702 1408 1746 plagiS.

570 1797 611 1828 Et
639 1796 732 1828 violas
762 1806 866 1840 quaero
894 1807 989 1828 verno
1018 1807 1085 1839 quae
1112 1802 1253 1842 tempore
1279 1800 1417 1842 spirant,

613 1850 754 1893 Albaque
782 1850 947 1893 purpureis
981 1850 1056 1882 Lilia
1081 1849 1174 1881 mixta
1199 1850 1309 1888 Rosis,

568 1904 732 1936 Narcissus
761 1903 903 1936 redolens
929 1908 960 1936 et
985 1914 1075 1936 suave
1102 1901 1217 1935 rubens
1248 1903 1442 1946 Hyachintus

616 1957 797 2000 Perplzmct,
824 1968 858 1989 ac
885 1957 943 1989 Iris
972 1954 1164 1989 versicoloris
1193 1954 1290 1996 0d0r3

570 2010 720 2053 Sertaque
745 2013 910 2041 nectantur
936 2008 1015 2041 foliis
1043 2009 1122 2041 benc
1150 2008 1262 2041 olentis
1290 2009 1409 2042 Ancthi

614 2062 690 2101 Qum
714 2065 855 2093 recreent
881 2072 970 2093 nares
1001 2060 1244 2104 confoveantque
1271 2073 1354 2094 meas

569 2115 784 2157 Sansucusque
805 2114 893 2157 juvat
923 2113 1033 2146 morbo
1060 2113 1138 2146 bene
1164 2118 1235 2147 nata
1264 2115 1379 2148 caduco

617 2166 739 2209 Quique
766 2167 859 2198 maris
890 2167 965 2199 rasti
996 2168 1059 2198 Ros
1088 2166 1143 2199 tibi
1169 2177 1283 2199 nomen
1306 2167 1422 2207 hahes,

569 2221 609 2252 Et
634 2219 766 2251 nardum
795 2220 914 2263 spirans
945 2220 1088 2253 candenti
1116 2218 1193 2253 ssore
1222 2221 1354 2265 Cypirus

615 2271 738 2303 Frutice
766 2282 857 2315 quem
885 2272 995 2305 crebro
1022 2272 1148 2306 bachica
1178 2275 1280 2307 Naxos
1313 2273 1426 2313 habet,

570 2323 720 2367 Undaque
746 2323 883 2358 srillatim
909 2328 990 2359 Ruta
1014 2325 1145 2358 dedocta
1174 2324 1289 2358 salubri

616 2376 809 2419 Pestanaque
838 2378 920 2410 Rosa
948 2382 1065 2410 tractus
1093 2378 1131 2411 ab
1160 2378 1230 2421 igne
1258 2379 1375 2424 liquor-
