2372 3082
386 579 571 626 tempore
600 571 747 611 volunt
780 570 1023 610 Flandriam
1053 570 1210 610 dietam
1244 570 1309 610 vel
1340 583 1366 609 a
1395 569 1565 610 flatibus
1599 570 1772 610 marinis

386 638 537 691 quibus
568 637 693 691 sylvae
721 634 896 691 objectae
922 635 1084 675 assidue
1109 641 1212 674 tunc
1236 635 1490 675 resonabant
1520 635 1585 675 vel
1611 648 1636 674 a
1664 650 1772 690 pago

384 702 515 751 dicto,
554 703 775 755 ipsumque
809 714 965 754 pagum
995 700 1061 739 vel
1091 713 1117 739 a
1150 699 1321 739 flatibus
1355 700 1420 739 vel
1455 714 1482 739 a
1516 700 1772 740 Flandberto

383 766 566 820 quodam
586 765 666 804 loci
688 765 892 818 principe,
912 765 1117 819 accepisse
1138 778 1306 814 nomen3
1325 764 1420 803 haec
1434 758 1605 804 Badius.
1629 764 1775 804 Prodit

382 831 426 869 in
451 830 626 870 historia
653 829 870 868 Scotorum
895 830 1049 869 Hector
1077 829 1275 869 Boethius
1311 829 1522 875 Treviros,
1552 829 1770 882 Lexovios,

383 894 554 934 Maduos
568 925 578 943 ‚
618 893 817 948 Cymbros
830 926 842 944 ,
882 895 1088 945 Morinos,
1134 895 1401 948 reliquasque
1441 894 1591 934 Galliae
1630 902 1774 949 gentes

382 959 611 998 maritimas
647 959 724 998 sub
758 960 986 999 adventum
1021 959 1187 999 Claudii
1223 958 1398 999 Caesaris
1432 960 1478 998 in
1507 959 1774 999 Britanniam

380 1039 476 1064 cum
505 1038 601 1078 rege
635 1023 937 1063 Britannorum
970 1023 1170 1063 Guiderio
1193 1024 1239 1062 in
1272 1023 1486 1062 Romanos
1516 1022 1768 1077 conjurasse.

379 1089 487 1129 Sunt
521 1089 595 1142 qui
631 1102 831 1142 magnum
863 1087 1140 1142 Cyrnbrorum
1172 1087 1495 1140 Teutonumque
1530 1092 1693 1140 partem
1729 1088 1773 1127 in

379 1154 499 1209 sylvis
521 1154 585 1193 his
606 1153 790 1206 locisque
805 1153 1060 1206 palustribus
1083 1152 1327 1192 remansisse
1347 1157 1516 1205 putent,
1541 1166 1619 1191 nec
1641 1152 1774 1191 solum

379 1218 628 1268 Aduaticos,
658 1217 773 1271 quod
803 1216 943 1256 Caesar
968 1217 1134 1267 edocet,
1159 1217 1229 1257 sed
1251 1217 1454 1257 Flandros
1480 1231 1649 1271 quoque
1675 1217 1775 1257 inde

379 1290 617 1338 prognatos.
654 1281 811 1321 Datum
839 1287 900 1320 est
929 1282 1142 1321 memoriae
1172 1281 1226 1321 ab
1257 1281 1462 1321 Strabone
1490 1281 1690 1335 Cymbros
1725 1296 1775 1321 ex

378 1349 477 1388 locis
498 1349 581 1388 suis
605 1346 818 1387 natalibus
852 1346 906 1385 ad
933 1346 1140 1387 Octavum
1166 1345 1403 1401 Augustum
1428 1361 1592 1386 sacrum
1617 1348 1773 1388 misisse

378 1413 576 1462 lebetem,
611 1417 880 1465 veterumque
910 1411 964 1450 ab
987 1411 1060 1451 illo
1091 1411 1296 1465 accepisse
1314 1410 1569 1466 injuriarum
1589 1412 1768 1451 veniam.

375 1477 544 1517 Tacitus
564 1476 727 1517 eosdem
744 1489 819 1515 sua
839 1481 964 1516 aetate
980 1476 1193 1516 civitatem
1213 1475 1316 1515 facit
1330 1490 1504 1530 parvam
1517 1509 1529 1527 ,
1549 1476 1620 1515 sed
1637 1475 1771 1529 gloria

375 1542 604 1596 ingentem.
623 1542 806 1594 Quidam
827 1555 970 1580 omnes
991 1542 1223 1580 maritimos
1245 1540 1484 1580 Germaniae
1500 1541 1674 1594 populos
1690 1542 1772 1595 pri-

376 1621 491 1647 mum
507 1607 723 1662 Cymbros,
744 1606 896 1646 dehinc
911 1606 1092 1645 Saxones
1108 1607 1320 1646 communi
1336 1606 1506 1646 nomine
1523 1606 1655 1646 dictos
1671 1608 1770 1647 exis-

376 1672 587 1711 timabant
595 1702 606 1721 ,
631 1684 811 1724 quorum
827 1671 1013 1724 opinioni
1028 1676 1216 1711 veterum
1232 1671 1480 1724 scriptorum
1498 1677 1771 1712 monumenta

376 1736 579 1790 refragari
613 1735 826 1775 videntur.
865 1734 1029 1784 Cattos,
1063 1735 1144 1774 hoc
1179 1741 1240 1775 est
1274 1742 1379 1775 teste
1409 1735 1583 1775 Alberto
1614 1735 1765 1785 Crant,

375 1802 573 1850 Saxones,
599 1799 816 1854 CymbrOS,
846 1799 1072 1849 Teutones,
1103 1800 1341 1850 Ruthenos,
1370 1800 1632 1854 Batavosque
1657 1816 1768 1855 prae-

376 1867 518 1920 cipuos
555 1866 786 1918 (quantum
826 1864 969 1917 rideo)
1009 1866 1179 1919 originis
1220 1871 1372 1905 nostrae
1406 1870 1570 1905 autores
1611 1865 1767 1905 vicinos

373 1938 656 1985 cognatosque
681 1935 844 1969 constat
869 1928 991 1968 fuisse
1012 1930 1202 1984 populos.
1239 1930 1389 1969 Videre
1415 1935 1476 1969 cst
1502 1930 1616 1983 apud
1640 1944 1766 1983 quos-

372 1998 468 2036 dam
498 1997 722 2050 Belgarum
752 1995 972 2049 scriptores
1003 2009 1088 2034 non
1120 1995 1340 2049 Cymbros,
1379 1995 1450 2034 scd
1482 1994 1663 2034 Saxones
1697 2009 1765 2037 eas

371 2063 601 2117 appellatas
641 2068 783 2116 gentes
822 2076 919 2115 quae
963 2062 1128 2101 circiter
1171 2060 1449 2115 olympiadem
1494 2060 1764 2099 centesimam

370 2128 738 2181 septuagesimam,
771 2127 852 2167 hoc
883 2132 943 2166 est
972 2125 1018 2166 C.
1051 2126 1172 2166 Marii
1201 2125 1458 2179 temporibus
1468 2155 1478 2174 ,
1503 2125 1607 2164 duce
1629 2124 1765 2165 Ansa-

370 2192 528 2246 norige,
548 2192 695 2246 Belgas
710 2193 965 2232 invaserunt.
991 2191 1210 2231 Ruthenos
1227 2196 1366 2230 autem
1383 2189 1610 2240 Orodocus,
1630 2191 1761 2245 scrip-

369 2262 434 2296 tor
459 2258 650 2310 quidam,
679 2257 895 2306 Albianos,
916 2256 1294 2297 Nortwintombros
1317 2271 1366 2296 ac
1386 2256 1610 2296 Britannos
1635 2254 1760 2295 fuisse

369 2323 512 2371 refert,
526 2323 580 2362 ab
594 2321 792 2363 Rutheno
808 2335 880 2361 suo
897 2322 1001 2361 duce
1017 2323 1076 2362 ita
1092 2322 1238 2371 dictos,
1251 2322 1305 2361 ab
1321 2321 1486 2375 illisque
1502 2320 1759 2360 Morinorum

369 2388 515 2428 urbem
541 2393 769 2441 portusque
792 2392 833 2425 et
856 2386 998 2426 littora
1022 2387 1253 2439 antiquitus
1277 2391 1500 2439 occupata,
1533 2398 1582 2424 ac
1599 2384 1758 2439 jugiter

1063 347 1101 384 (7)
1109 344 1959 398 Ἣῆῗ

1952 424 1977 514 χχχ

1969 409 1985 428 iit)
1953 347 1991 394 «9ῷέ

1993 424 2006 460 ΑΛ
1990 347 2007 407 'RQ‘OE

1986 436 1994 491 >
