2372 3082
170 327 1126 384 &TW-QG&

543 562 603 602 Qui
627 561 716 594 lateri
740 561 849 594 dextro
873 561 979 605 jungit
1002 560 1167 598 Phoenica,
1192 560 1344 605 jubetque

544 613 585 645 Et
609 613 695 656 Lyba
718 612 793 646 flare
815 618 929 652 noton⁷
956 617 1139 658 partemque
1162 620 1269 648 tenere
1295 614 1450 647 sinistram

544 667 713 711 Oppositos
736 667 854 698 Austro
879 666 976 698 mittit
1004 668 1183 711 Septentrio
1208 668 1299 701 flatus

546 721 705 753 Trasciam
731 719 849 753 habens
874 719 993 752 socium
1016 719 1160 753 dextrum
1189 721 1385 762 Boreamquc
1413 713 1584 761 sinistrum.

853 1082 995 1122 :fabula
1019 1083 1056 1121 he
1081 1083 1181 1122 sselln
1192 1141 1194 1143 -
1205 1083 1353 1122 muium.

589 1242 673 1274 OLm
702 1249 772 1271 cum
800 1237 915 1271 florens
943 1239 1045 1272 avium
1070 1239 1244 1284 respublica
1272 1242 1371 1272 staret

587 1295 666 1327 Orta
692 1294 775 1326 inter
801 1303 948 1337 proceres
976 1296 1062 1324 tanta
1088 1296 1136 1324 est
1159 1291 1313 1325 discordia
1343 1301 1501 1329 summm,

588 1349 633 1381 Ut
659 1347 730 1391 galli
766 1347 878 1380 erectis
905 1357 1051 1391 supremo
1080 1346 1194 1379 vertice
1218 1345 1319 1380 cristis
1346 1371 1350 1377 ,

585 1400 747 1433 Auderent
774 1400 894 1444 Aquilae
924 1400 1117 1432 sanctissima
1143 1403 1284 1432 temnere
1308 1398 1396 1441 jussa

586 1456 628 1487 Et
653 1464 758 1486 rerum
783 1452 882 1486 fasces
907 1453 1016 1486 studiis
1045 1452 1164 1485 ambire
1189 1451 1316 1484 dolosis.

586 1508 645 1540 Ast
668 1506 776 1549 regina
804 1505 891 1539 ferox
917 1506 1022 1539 Gallos
1052 1506 1156 1538 ultura
1185 1503 1336 1548 superbos

587 1560 756 1593 Consilium
786 1560 886 1603 cogit,
917 1557 1084 1591 sententia*
1099 1557 1212 1589 dicitur
1239 1567 1300 1588 una

589 1612 673 1646 Colla
702 1613 906 1646 rebellantum
929 1611 1022 1655 justis
1051 1609 1187 1643 cedenda
1212 1607 1386 1641 machaeris.

587 1667 653 1699 Nec
680 1676 785 1705 mora,
817 1665 1005 1699 conveniunt
1032 1663 1138 1707 aquilae
1166 1673 1224 1707 pro
1252 1660 1394 1707 partibus
1420 1671 1528 1695 omnes

586 1719 731 1763 Antiquae
759 1717 829 1752 fidei
859 1718 1006 1756 volucris,
1038 1716 1222 1760 hostemque
1254 1714 1411 1748 furentem

588 1772 664 1804 AEre
692 1776 821 1806 sonante
850 1774 979 1817 petunt,
1012 1769 1118 1803 Gallus
1144 1767 1313 1802 calcaribus
1342 1767 1447 1801 obstat

589 1824 629 1856 Et
657 1825 742 1858 Jovis
767 1825 890 1858 alitibus
918 1824 1023 1868 plagas
1049 1821 1160 1865 infligit
1189 1821 1327 1854 acerbas.

587 1878 630 1908 At
655 1877 800 1921 praeclara
825 1877 938 1910 cohors
966 1875 1085 1919 Aquilae
1116 1879 1147 1907 et
1179 1873 1356 1906 doctissima
1381 1874 1452 1906 belli

588 1930 745 1963 Morsibus
773 1934 808 1963 ut
830 1931 946 1962 lacerat
969 1929 1077 1962 cristas
1106 1927 1148 1959 sic
1176 1926 1332 1970 unguibus

585 1985 726 2027 Corpora
755 1983 916 2016 Gallorum
944 1982 1043 2020 vcllit,
1078 1978 1242 2023 funditque
1272 1990 1428 2014 cruorem.

586 2039 688 2081 Atque
714 2036 765 2070 ubi
792 2038 858 2081 jam
886 2036 962 2069 vasti
995 2036 1158 2078 tinguntur
1181 2033 1330 2076 sanguine
1360 2035 1458 2078 campi

587 2090 732 2122 Vincitur
760 2093 791 2122 et
818 2090 939 2133 capitur
967 2087 1053 2119 miles
1082 2087 1244 2121 cristatus,
1278 2090 1309 2119 et
1337 2088 1436 2120 omnis

587 2144 665 2175 Cum
690 2141 767 2174 duce
792 2141 951 2174 nobilitas:
983 2140 1082 2172 avium
1111 2139 1217 2182 regina
1246 2138 1432 2184 triumphat.

587 2197 689 2238 Capus
715 2198 750 2227 ut
778 2195 808 2227 in
837 2205 926 2228 cavea
955 2193 1061 2227 Gallus
1086 2192 1152 2236 jam
1181 2190 1266 2235 degit
1295 2201 1390 2235 opaca

586 2248 635 2281 Sic
659 2252 708 2282 eat
736 2248 861 2282 alterius
890 2248 1064 2292 quicunque
1091 2244 1223 2289 capessit
1248 2243 1396 2277 honores.

1760 2617 2026 2677 &Q
