2372 3082
371 311 428 362 aa

391 575 403 1060 «Ἣ

1283 326 1368 366 (120)

744 547 834 580 Vana
869 545 998 586 temnit,
1029 543 1111 578 fluxa
1143 545 1282 590 spernit,
1312 545 1412 579 ambit
1449 549 1482 578 et
1519 546 1685 590 perennia:

742 601 807 634 Dat
839 610 910 633 suas
947 609 1021 644 opes
1057 599 1162 644 egenis
1194 598 1315 633 liberali
1354 597 1496 632 dextera.

786 655 853 688 Nee
881 656 1021 686 moratus
1057 656 1107 686 est
1141 653 1225 687 suavi
1256 651 1364 698 patriae
1401 649 1575 684 dulcedine

740 704 802 740 Sed
831 704 1001 739 sacerdotis
1037 709 1163 751 recepta
1191 704 1346 750 dignitate
1373 702 1494 748 fulgida

742 758 847 793 Galliae
884 758 960 791 fines
989 763 1127 791 remotos
1155 758 1344 803 praedicator
1371 757 1472 801 eligit.

785 813 890 857 Atque
920 812 1128 845 Tornacensis
1157 811 1253 846 audet
1282 811 1412 845 civitatis
1450 810 1595 856 gentibus

742 865 819 908 Igne
850 862 973 896 fervens
1011 863 1173 897 eharitatis
1210 864 1376 899 veritatem
1415 865 1554 911 pandere

738 918 767 950 A
804 916 867 950 suis
894 916 1024 950 trahens
1059 916 1189 950 vetustis
1224 917 1376 962 plurimos
1415 919 1591 954 erroribus.

784 971 928 1014 Namque
965 969 1059 1003 verba
1098 969 1173 1003 dum
1212 970 1320 1006 salutis
1360 983 1416 1008 ore
1454 973 1727 1013 saero'seminat,

738 1022 915 1056 Confitetur
941 1022 1039 1056 multa
1067 1022 1230 1056 Christum
1267 1025 1364 1059 eorde
1398 1027 1493 1060 turha
1527 1025 1656 1060 credulo

738 1076 859 1109 Ventre
893 1086 986 1120 quem
1020 1087 1077 1110 suo
1112 1076 1206 1110 beato
1245 1077 1334 1123 virgo
1363 1084 1470 1114 sancta
1504 1079 1651 1125 protulit.

783 1128 902 1173 Impius
930 1130 1035 1162 Caesar
1072 1128 1199 1164 furente
1225 1132 1365 1175 percitus
1399 1132 1544 1166 vecordia

738 1182 929 1227 Neutiquam
962 1182 1096 1216 nefanda
1131 1193 1242 1228 passus
1273 1184 1422 1229 abrogari
1459 1185 1625 1229 dogmata,

737 1235 869 1269 Militem
897 1236 1015 1270 Christi
1050 1247 1163 1270 necare
1200 1241 1304 1271 morte
1341 1248 1419 1271 saeva
1447 1236 1597 1270 destinat.

783 1289 915 1323 Interim
956 1289 1086 1324 thoraca
1111 1290 1217 1334 justus
1247 1291 1429 1334 aequitatem
1467 1290 1599 1335 suscipit

736 1344 840 1387 Atque
874 1343 941 1387 jam
974 1343 1035 1377 fide
1070 1347 1196 1377 renatos
1223 1346 1373 1378 concione
1400 1343 1549 1383 roborat,

738 1399 802 1430 Nee
839 1398 973 1431 minaces
1013 1398 1188 1443 expavescit
1227 1397 1358 1431 Caesaris
1397 1395 1559 1430 satellites.

783 1452 864 1485 Eece
898 1452 1019 1497 linguas
1054 1451 1117 1486 fert
1144 1462 1292 1497 proeaees
1320 1449 1444 1494 fertque
1476 1448 1558 1482 dura
1593 1446 1723 1481 verbera

735 1502 826 1537 Tam
850 1505 933 1549 piam
967 1508 1091 1538 terrore
1129 1508 1268 1539 mentem
1308 1501 1382 1535 dum
1420 1500 1566 1534 laborant
1600 1498 1744 1533 flectere:

736 1558 798 1592 Sed
833 1568 922 1592 sacro
959 1558 1046 1592 miles
1087 1558 1186 1592 fidelis
1223 1559 1348 1603 perstat
1383 1555 1415 1587 in
1451 1553 1635 1587 certamine.

782 1612 887 1644 Caesus
916 1611 1016 1644 instar
1050 1611 1134 1645 mitis
1162 1611 1235 1655 agni
1272 1608 1367 1642 vineit
1393 1616 1506 1650 agmen
1538 1605 1677 1639 hostium

735 1666 852 1709 Perpes
889 1664 920 1697 in
958 1663 1041 1697 eoelis
1075 1664 1250 1709 triumphat
1291 1662 1417 1707 copioso
1458 1660 1587 1705 praemio

735 1720 854 1763 Estque
889 1729 1008 1753 merces
1045 1720 1112 1764 ejus
1145 1720 1212 1765 ipsa
1245 1717 1434 1762 sempiterna
1467 1714 1578 1759 gloria.

782 1773 868 1815 Ergo
897 1783 1019 1805 summo
1044 1783 1145 1817 pange
1183 1772 1249 1816 regi
1278 1771 1348 1804 laeta
1382 1777 1509 1801 carmen
1545 1766 1653 1799 concio

736 1824 797 1866 Qui
834 1824 955 1856 Piatoni
989 1834 1160 1868 perennem
1197 1824 1370 1856 claritatem
1407 1820 1539 1852 contulit

736 1876 837 1917 Quam
867 1881 953 1909 tenet
983 1887 1106 1921 semper
1134 1876 1244 1909 beatus
1278 1878 1389 1908 cuneta
1423 1884 1517 1918 supra
1556 1872 1679 1915 sydera.

780 1928 987 1961 Coneinamus
1021 1927 1115 1961 corde
1151 1932 1220 1961 toto
1254 1930 1318 1962 tam
1358 1932 1481 1973 patrem
1517 1938 1609 1972 quam
1646 1926 1742 1960 filium

733 1980 774 2012 Et
802 1980 994 2023 paracletum
1024 1991 1191 2025 precemur
1220 1985 1324 2014 mente
1353 1993 1432 2026 pura
1462 1982 1606 2027 spiritum

736 2033 779 2064 Ut
814 2031 956 2065 fruamur
992 2033 1140 2066 trinitatis
1177 2032 1318 2066 claritate
1353 2034 1487 2079 perpeti.
