2372 3082
463 328 1241 384 Q&—
1249 356 1284 358 -*
1312 325 2272 379 (amma-&iffi

402 379 413 424 x„

414 382 450 442 ΛΘ

634 559 889 607 mundicias,
922 557 994 597 sed
1021 555 1132 597 fastu
1162 570 1333 610 prorsus
1360 556 1442 596 hoc
1473 570 1604 610 genus
1629 563 1672 597 et
1694 559 1925 599 ambitione
1949 573 2035 600 non
2092 603 2095 605 ,

631 631 770 668 vacat.
826 652 835 653 ff

687 692 921 744 Brugenses
940 695 982 730 et
1002 688 1247 731 Gandenses
1268 691 1393 745 longe
1419 688 1588 731 diversis
1620 688 1732 729 inter
1763 701 1805 728 se
1836 689 2035 730 dissident

628 757 831 798 moribus.
886 756 1161 810 Splendidus,
1216 754 1491 809 magnificus,
1540 753 1774 802 delicatus,
1828 751 2030 804 liberalis,

627 824 795 877 suisque
839 835 1149 875 nonnunquam
1204 820 1398 875 profusus
1449 823 1510 858 est
1559 817 1799 872 Brugensis.
1852 816 2031 869 Contra,

627 887 861 929 Gandensis
882 886 1071 940 parcior,
1095 886 1372 936 contractior,
1397 884 1536 924 minor
1557 897 1728 923 suarum
1748 897 1876 938 opum
1897 888 2036 924 osten-

626 958 764 1003 tator,
805 952 968 992 minore
1002 953 1179 1007 strepitu
1195 984 1207 1004 ,
1241 952 1480 1005 minorique
1514 950 1682 990 luxuria
1716 950 1848 990 vitam
1882 950 2038 990 transi-

628 1032 744 1072 gens.
782 1018 825 1057 Si
855 1018 948 1071 quis
980 1024 1124 1058 autem
1162 1019 1207 1058 in
1237 1019 1480 1058 universum
1510 1014 1733 1068 inspiciat,
1767 1014 1947 1067 populus
1976 1019 2038 1054 est

627 1083 860 1133 beneficus,
885 1088 927 1122 et
943 1097 1045 1137 erga
1060 1098 1212 1137 egenos
1232 1084 1455 1136 benignus.
1475 1080 1648 1121 AEdium
1665 1092 1881 1120 sacrarum
1903 1080 2036 1133 splen-

628 1149 727 1189 dore
743 1163 793 1188 ac
809 1149 1144 1202 magnificentia,
1164 1148 1475 1204 Campanarum
1491 1178 1501 1197 ,
1522 1159 1627 1200 quas
1643 1149 1796 1186 vocant
1814 1142 2032 1193 Carillon,

627 1214 919 1268 magnitudine
946 1228 996 1253 ac
1025 1215 1310 1267 pulcherrimo
1342 1213 1482 1252 sonitu
1512 1212 1695 1264 reliquos
1731 1210 1880 1264 Belgas
1911 1210 2035 1264 longe

625 1278 890 1331 praecellunt.
913 1276 1186 1318 Modulantur
1204 1278 1286 1318 illis
1312 1276 1612 1318 tintinnabulis
1642 1289 1729 1316 non
1758 1289 1875 1315 secus
1907 1281 2035 1329 atque

628 1341 812 1397 cytharis
834 1341 1043 1381 variarum
1065 1342 1374 1382 cantilenarum
1394 1355 1565 1395 genera.

685 1406 822 1447 Semel
848 1412 1041 1461 acceptos
1074 1421 1184 1448 verae
1214 1408 1428 1462 religionis
1456 1407 1584 1455 ritus,
1616 1406 1681 1447 vel
1712 1407 1824 1446 inter
1855 1408 2035 1447 maxime

628 1470 833 1512 deformes
867 1471 975 1510 sacri
1013 1477 1143 1511 coetus
1183 1486 1337 1523 mores,
1379 1474 1448 1528 pie
1488 1486 1650 1526 semper
1694 1472 1875 1512 coluere.
1915 1473 2031 1512 Nihil

628 1548 818 1588 unquam
854 1534 991 1587 (quod
1012 1535 1208 1588 equidem
1229 1537 1399 1589 sciam),
1423 1548 1565 1589 pravae
1593 1535 1796 1574 haereseos
1826 1535 2032 1576 Flandria

627 1598 811 1654 peperit,
855 1612 1104 1652 quanquam
1134 1599 1201 1640 his
1235 1599 1605 1640 turbulentissimis
1634 1598 1835 1640 Ecclesiae
1866 1606 2030 1654 tempo-

626 1663 745 1703 ribus
767 1662 850 1701 sint
871 1662 1066 1702 nonnulli
1089 1663 1140 1703 de
1171 1664 1374 1718 religione
1405 1656 1587 1720 graviter
1608 1665 1824 1719 postulati.
1861 1666 1967 1706 Nam
2000 1666 2034 1706 si
2237 1685 2240 1738 Ι

628 1728 732 1784 quid
774 1728 846 1768 hic
887 1728 1117 1782 aliquando
1159 1735 1307 1770 contra
1341 1736 1528 1786 receptos
1562 1729 1759 1771 Ecclesiae
1800 1745 1933 1772 mores
1972 1738 2033 1771 est

627 1795 873 1843 inventum,
905 1794 949 1832 id
985 1808 1108 1833 omne
1141 1796 1312 1835 aliunde
1343 1801 1405 1834 est
1437 1796 1649 1835 invectum
1692 1795 1853 1849 potius,
1901 1809 2028 1850 quam

628 1860 699 1900 hic
730 1865 935 1899 exortum.
968 1859 1339 1901 Lutheranismum
1370 1861 1483 1901 enim
1512 1859 1630 1915 cujus
1659 1874 1709 1900 ex
1739 1862 1889 1901 nostris
1923 1876 2031 1902 non-

629 1924 736 1964 nulli
757 1929 856 1965 sunt
874 1924 1075 1975 convicti,
1106 1925 1208 1965 alibi
1237 1925 1489 1966 didicerunt.

687 2056 865 2114 Majores
895 2064 1000 2098 natu
1029 2058 1080 2098 de
1107 2059 1339 2099 immutatis
1369 2060 1504 2113 gentis
1534 2064 1688 2099 nostrae
1717 2058 1901 2098 moribus
1931 2071 2029 2112 per—

630 2121 765 2161 multa
806 2122 1060 2177 praedicant,
1105 2128 1425 2177 querunturque
1463 2122 1587 2162 fuisse
1630 2121 1845 2176 quondam
1897 2121 2028 2174 magis

631 2186 838 2240 simplices
859 2192 1126 2241 apertosque,
1151 2187 1313 2227 minore
1337 2186 1453 2236 fuco,
1478 2201 1528 2227 ac
1557 2185 1715 2243 majore
1740 2186 1851 2225 inter
1881 2199 1923 2224 se
1947 2183 2029 2223 fide

631 2251 764 2300 viros,
789 2249 1029 2301 ferociores,
1053 2251 1298 2302 vivaciores,
1328 2251 1603 2301 robustiores,
1634 2249 1805 2306 majoris
1833 2254 2024 2298 staturae,

632 2313 810 2353 luxuriae
830 2320 1182 2370 externarumque
1201 2329 1342 2355 rerum
1367 2315 1505 2355 illiciis
1528 2316 1661 2355 multo
1682 2315 1820 2354 minus
1842 2313 2022 2361 deditos,

632 2377 678 2417 in
694 2378 938 2432 nuptiarum
967 2380 1149 2435 pompis,
1185 2381 1231 2421 in
1259 2381 1412 2435 epulis,
1444 2381 1488 2421 in
1511 2381 1692 2422 vestibus
1721 2380 1858 2420 minus
1888 2391 2026 2419 moro-

2204 2403 2258 2613 ἐξ

2204 2588 2214 2595 χ
2222 2580 2241 2600 Θ
2250 2586 2258 2594 2

671 2636 1202 2641 mmm-w
1392 2637 1398 2639 Α
1564 2636 1625 2640 m
1988 2609 2258 2663 &aa
