2372 3082
1235 326 1318 366 (126)

854 519 922 551 lras
946 517 1119 551 coeliculum
1145 517 1205 550 cies

899 571 951 604 Nil
979 570 1073 603 rebus
1097 571 1218 604 miseris
1246 570 1381 616 praesidii
1402 572 1464 605 tuis

851 625 930 656 Post
959 623 1024 657 haec
1048 634 1066 656 a
1094 624 1214 669 superis
1243 624 1304 657 erit

898 679 941 711 Et
964 677 1078 723 perdes
1106 678 1195 712 nitidi
1224 690 1355 713 munera
1379 679 1461 713 Delii

852 731 969 765 Perdes
997 732 1086 766 dulce
1110 733 1208 766 melos
1236 733 1311 776 lyrae

898 787 941 818 Et
964 789 995 818 te
1018 785 1168 818 destituet
1192 786 1293 818 Pallas
1317 785 1457 819 amabilis
1471 812 1478 821 ,

852 839 894 871 Et
919 839 1021 872 suavis
1051 839 1280 883 Berecynthia,

897 893 947 926 Sic
976 893 1077 926 Diana
1101 898 1187 926 tuam
1212 893 1361 938 despiciet
1390 893 1519 928 domum

850 945 1004 991 Nymphis
1029 958 1099 980 eum
1123 949 1240 982 teneris
1265 949 1328 981 suis

895 1001 1111 1034 Condemnata
1137 1003 1240 1034 Deum
1266 1001 1392 1034 vocibus
1418 1003 1559 1037 omnium

850 1056 919 1088 Fies
944 1056 1029 1089 vallis
1054 1056 1171 1089 inutilis
1188 1082 1195 1095 ‚

893 1111 1111 1153 Nasceturque
1139 1112 1194 1142 tuo
1222 1109 1265 1142 nil
1287 1109 1385 1142 sterili
1409 1109 1495 1147 solo,

851 1163 945 1195 Exosi
974 1163 1031 1195 nisi
1057 1161 1188 1204 cardui3

895 1216 965 1248 Fies
994 1215 1200 1260 opprobrium
1230 1227 1399 1261 samnaque
1424 1216 1532 1261 putida

851 1271 892 1303 Et
915 1269 999 1314 vulgi
1026 1281 1102 1314 vaga
1127 1269 1244 1304 fabula.

896 1323 993 1356 Vallis
1018 1334 1143 1367 semper
1164 1326 1248 1359 iners
1273 1330 1305 1359 et
1327 1327 1393 1359 sine
1418 1325 1561 1370 frugibus

850 1380 893 1411 Et
920 1376 1005 1410 flavae
1029 1379 1152 1413 Cecel‘is
1181 1380 1272 1425 dape.

896 1431 1001 1464 Fallax
1024 1432 1168 1474 agricolae
1192 1444 1316 1478 semper
1339 1445 1415 1478 ager
1440 1439 1494 1468 tuo

851 1485 961 1519 Infelix
988 1490 1038 1518 ter
1067 1489 1098 1518 et
1126 1486 1257 1531 amplius

895 1539 1020 1572 Fundet
1049 1540 1133 1572 nulla
1157 1540 1214 1573 tibi
1243 1540 1343 1573 dulcia
1367 1541 1488 1574 caecuba

848 1595 913 1627 Aut
939 1594 1027 1626 laetus
1054 1594 1200 1627 Bromius
1228 1605 1326 1627 mera.

898 1646 1051 1680 lracunda
1077 1645 1163 1680 ferus
1190 1646 1320 1680 fulmina
1350 1648 1496 1692 Juppiter

851 1702 956 1735 Tectis
980 1702 1098 1746 injiciet
1121 1703 1199 1741 tuis,

896 1758 977 1790 Uret
1004 1756 1137 1801 templa,
1169 1755 1297 1792 domos,
1325 1759 1418 1800 atque
1447 1756 1580 1801 palatia,

850 1810 945 1843 Foede
967 1811 1109 1843 destruet
1136 1811 1252 1842 omnia.

897 1865 988 1897 Tunc
1017 1866 1083 1897 Pan
1109 1874 1179 1896 eum
1207 1862 1356 1907 gregibus
1382 1863 1563 1907 praeteriens
1589 1864 1652 1895 suis

852 1918 925 1949 Haec
949 1916 1070 1960 (dicet)
1093 1916 1153 1950 fuit
1175 1916 1270 1961 impia

899 1971 997 2003 Vallis
1022 1971 1112 2003 tactis
1140 1971 1225 2003 Jovis
1254 1970 1385 2004 fulmine
1413 1970 1536 2011 debito,

850 2024 943 2066 Quod
967 2024 1144 2069 pergrande
1173 2024 1273 2057 scelus
1300 2025 1382 2057 viros

899 2077 1040 2110 Phaebeis
1066 2077 1179 2110 fidibus
1203 2077 1312 2111 ludere
1337 2077 1463 2111 callidos

851 2133 956 2175 (Quos
980 2130 1078 2164 tutela
1104 2131 1184 2175 tegit
1208 2142 1316 2170 sacra,

897 2187 1120 2228 Immunesque
1146 2187 1257 2216 tenent
1282 2183 1416 2217 Palladis
1440 2186 1597 2229 organa),

851 2240 937 2271 Ausa
960 2241 1009 2270 est
1036 2237 1161 2270 nomina
1188 2247 1337 2281 poscere,

899 2294 1150 2336 Magnorumque
1177 2302 1308 2324 onerum
1333 2301 1446 2335 cogere
1475 2291 1532 2324 sub
1557 2292 1670 2336 jugum

854 2346 914 2379 Vel
937 2346 1091 2379 mulctans
1117 2346 1254 2383 loculos,
1282 2346 1374 2379 leves.

898 2400 979 2432 Hinc
1008 2399 1134 2443 indigna
1163 2399 1222 2433 fuit
1246 2399 1372 2432 nomine
1402 2399 1534 2443 pristino

1730 2625 2211 2680 *QQQ
