2372 3082
1034 337 2003 392 (θὸ)ῊῆἓὲΞέ

387 584 501 610 nunc
523 568 878 621 Ardenborgium‚
901 580 1041 608 eversa
1060 578 1156 618 rege
1176 563 1324 605 Carolo
1341 563 1468 605 Calvo
1484 578 1509 605 a
1523 564 1764 619 Normanis;
1939 389 1995 598 ᾗ

386 634 497 673 unde
524 632 637 672 fama
661 638 724 671 est
748 646 796 671 ex
825 631 956 671 ruinis
986 630 1129 684 oppidi
1163 629 1517 684 Aldenburgensis
1542 632 1767 673 excitatum

380 699 568 752 Burgum
601 698 682 737 hoc
718 704 778 737 est
808 696 1000 736 Castrum
1031 697 1258 747 Brugense.
1297 696 1430 735 Erant
1464 702 1505 734 et
1539 697 1638 750 pagi
1673 703 1765 738 tum

380 764 625 803 celebriores
653 763 924 812 Turholtum,
956 759 1297 814 Ostroburgium‚
1329 760 1613 814 Snelleghem,
1651 762 1765 803 Ven-

379 828 559 878 dunum,
613 827 822 876 Jabbeca,
873 827 1053 877 Bellula,
1103 825 1404 876 Stenfordium,
1449 826 1760 880 Longamarca‚

377 892 679 945 Broburgium,
722 892 1010 946 Gronebmga,
1049 890 1337 941 Wormoholt,
1386 892 1635 932 Heclesbeca
1669 907 1765 933 cum

376 957 517 995 multis
548 957 639 995 aliis
669 956 702 995 si
733 956 825 1009 quis
854 962 1040 996 veterum
1071 958 1418 998 monasteriorum
1448 964 1544 998 acta
1576 959 1764 1000 tabulas-

375 1034 457 1073 que
478 1020 675 1059 excutiat.

173 1043 177 1062 l

430 1103 665 1143 Plurimum
700 1108 841 1142 autem
876 1104 1123 1147 incrementi
1158 1113 1303 1162 postea
1335 1109 1462 1163 coepit
1495 1123 1570 1163 per
1598 1111 1766 1164 nuptias

373 1169 571 1209 Balduini
593 1169 734 1208 Ferrei
756 1183 852 1208 cum
871 1169 960 1209 filia
980 1171 1101 1224 regis.
1121 1173 1241 1213 Tunc
1257 1175 1370 1214 enim
1386 1190 1460 1229 per
1476 1175 1591 1214 littus
1608 1174 1765 1216 Oceani

374 1233 561 1285 adusque
583 1232 859 1272 Pontinorum
880 1233 984 1272 fines
1005 1248 1054 1273 ac
1073 1238 1309 1277 coenobium
1336 1239 1420 1278 divi
1447 1239 1627 1278 Valerici
1659 1240 1764 1279 alia-

171 1282 174 1362 ἓ
375 1311 457 1352 que
493 1312 542 1337 ex
577 1304 698 1351 parte
743 1299 972 1338 secundum
1007 1300 1143 1353 ripam
1183 1304 1340 1343 Scaldis
1375 1318 1507 1358 usque
1543 1305 1598 1344 ad
1632 1304 1763 1344 Vero-

170 1367 174 1432 ι
374 1365 577 1404 manduos
604 1378 653 1403 ac
677 1364 836 1403 flumen
867 1365 1094 1405 Somonam
1125 1381 1195 1406 seu
1220 1367 1352 1420 (quod
1372 1368 1548 1406 tradunt
1569 1368 1763 1422 quidam)

375 1430 429 1468 acl
449 1430 643 1468 Hisarum
665 1444 796 1483 usque
817 1430 1030 1484 Belgicum
1059 1431 1133 1484 qui
1164 1431 1208 1470 in
1235 1431 1474 1484 Sequanam
1500 1430 1642 1470 influit
1666 1446 1765 1485 pro-

170 1452 174 1558 Ι
373 1495 506 1534 latum
526 1496 764 1550 imperium.
798 1495 863 1535 Ita
883 1501 985 1536 tunc
1016 1495 1284 1545 Gandavum,
1315 1494 1582 1543 Cortracum,
1615 1495 1765 1535 Harle-

170 1592 173 1617 ‚
372 1559 495 1608 heca,
540 1560 800 1608 Aldenarda,
844 1560 1053 1610 Duacum,
1101 1559 1262 1608 Insula,
1308 1558 1538 1607 Casletum,
1576 1556 1765 1612 Agrique

371 1623 646 1662 Tornacensis
664 1637 713 1662 ac
730 1623 1041 1674 Taruannieus‚
1068 1623 1339 1673 Atrebatum,
1364 1624 1573 1674 Bononia,
1598 1625 1762 1665 omnia-

168 1636 173 1765 !
373 1700 455 1740 que
477 1686 639 1726 Artesio
670 1701 783 1726 nunc
803 1694 1002 1727 contenta
1021 1688 1232 1727 Flandriae
1253 1688 1508 1727 contributa.
1650 1678 1651 1681 Ἴ

429 1772 526 1812 Alia
555 1773 654 1811 item
687 1773 762 1812 sub
792 1772 856 1812 his
885 1787 960 1826 per
984 1776 1118 1815 multa
1143 1783 1191 1817 ut
1218 1778 1472 1816 Sacelinium
1497 1792 1612 1817 nunc
1636 1778 1758 1818 Sicli-

371 1838 508 1885 nium,
552 1836 808 1886 Cominium,
852 1836 1171 1889 Varncstutum,
1217 1840 1511 1890 Viroviacum,
1555 1840 1756 1892 Meniuae,

369 1900 577 1950 Messinae,
605 1900 639 1939 T
642 1900 839 1949 hiletmn,
866 1900 1192 1952 Tronchinium,
1224 1904 1538 1957 Ruplemonda,
1563 1911 1758 1959 putatum

369 1966 582 2006 nonnullis
599 1966 926 2005 Pleumosiorum
943 1968 1160 2007 castellum
1176 1982 1273 2021 quae
1288 1968 1563 2021 proculdubio
1581 1970 1758 2024 antiqua

370 2033 510 2071 omnia
531 2038 627 2071 sunt
647 2032 739 2071 loca
764 2045 1011 2085 quanquam
1041 2046 1067 2071 a
1095 2032 1261 2071 nemine
1291 2032 1425 2086 (quod
1455 2033 1625 2086 sciam),
1656 2040 1755 2074 ante

368 2097 578 2150 religionis
623 2104 777 2136 nostrae
817 2110 1030 2150 praecones
1060 2095 1264 2134 recensita
1301 2096 1550 2149 scriptorum
1594 2097 1752 2137 scilicet

368 2163 559 2216 poenuria
600 2176 649 2201 ac
687 2168 921 2216 temporum
963 2161 1201 2201 calamitate
1247 2174 1334 2215 qua
1378 2161 1505 2201 etiam
1549 2162 1755 2202 nonnulla

369 2232 583 2280 utcunque
614 2227 767 2281 scripta
796 2226 1114 2267 interciderunt.

1965 1710 1969 1744 Ι

427 2314 556 2353 Poeta
591 2315 763 2368 quidam
798 2315 913 2355 haud
944 2329 1246 2369 usquequaque
1272 2315 1458 2369 ineptus,
1494 2315 1564 2355 sed
1590 2316 1752 2370 spirans
1953 2230 1962 2395 J

159 2398 176 2563 S
370 2380 596 2434 quamdam
631 2379 770 2420 adhuc
808 2382 1106 2436 antiquitatem
1140 2380 1186 2419 in
1216 2379 1339 2420 rebus
1380 2379 1504 2433 gestis
1545 2379 1753 2434 Philippi·
1930 2401 1984 2598 §Q

1930 2573 1983 2668 (ἐκ
