2372 3082
401 589 565 615 omnem
584 568 927 630 jurisdictionem
946 582 1032 616 tam
1058 575 1319 630 prophanam
1345 589 1473 628 quam
1493 589 1653 616 sacram
1675 575 1790 616 Cras-

399 653 535 688 maro,
569 645 617 678 ut
645 639 854 690 referunt,
889 640 1089 679 concessit
1119 641 1338 695 Episcopo.
1383 641 1613 695 Occupavit
1647 657 1790 682 omnes

399 704 492 743 haec
534 704 700 758 opinio,
755 705 923 744 missum
971 704 1047 743 sub
1094 719 1253 744 annum
1293 705 1436 744 salutis
1480 705 1515 743 D
1554 704 1585 744 C
1618 706 1722 756 XX,
1765 720 1791 745 a

399 769 657 808 Francorum
684 784 781 824 rege
812 769 1017 819 Clotario,
1046 767 1240 808 Flandris
1267 763 1511 821 praefectum
1541 768 1791 822 Lydericum

400 840 674 888 cognomento
711 835 985 885 Buccensem,
1013 835 1217 887 illumque
1246 833 1549 882 Forestarium,
1584 833 1666 872 hoc
1705 840 1786 883 est,

401 900 656 939 Saltuarium
703 901 881 950 dictum,
930 900 1044 954 quod
1085 899 1199 939 rudis
1239 898 1378 937 adhuc
1420 904 1524 937 esset
1566 899 1700 952 regio,
1742 913 1791 939 ac

400 963 589 1018 plurimis
627 963 828 1017 impedita
867 964 1004 1017 sylvis.
1052 963 1211 1001 Ferunt
1254 961 1524 1011 Flandriam,
1572 968 1646 1001 aut
1681 969 1791 1003 certe

400 1028 662 1080 aliquantam
703 1025 791 1080 ejus
831 1032 994 1080 partem
1032 1031 1190 1065 terram
1228 1025 1481 1064 Buccensem
1516 1026 1560 1064 id
1594 1028 1791 1080 temporis

400 1092 578 1139 dictam,
603 1090 852 1144 Lydericum
878 1095 1017 1129 autem
1041 1089 1243 1143 principis
1268 1088 1580 1128 Divionensium
1604 1089 1792 1130 Salvardi

398 1156 521 1196 fuisse
537 1156 685 1205 filium,
706 1169 756 1195 ac
771 1156 968 1209 primum,
996 1154 1217 1194 interfecto
1234 1154 1463 1193 Finihardo
1485 1160 1681 1208 gygante,
1702 1169 1794 1195 cas-

398 1220 545 1259 tellum
561 1219 838 1258 Insulensium
856 1219 1137 1272 occupavisse,
1152 1224 1345 1270 ortosque
1361 1217 1415 1255 ab
1431 1216 1556 1272 hujus
1573 1219 1789 1272 sanguine,

401 1283 475 1337 qui.
495 1296 634 1321 rerum
656 1287 799 1335 postea
820 1281 943 1335 potiti
965 1286 1064 1320 sunt
1080 1281 1123 1320 in
1146 1282 1176 1320 F
1180 1281 1374 1330 landriis,
1395 1281 1466 1320 sed
1482 1281 1637 1321 harum
1652 1297 1792 1322 rerum

401 1348 655 1388 subobscura
684 1347 796 1401 apud
828 1361 971 1400 graves
1002 1346 1220 1400 scriptores
1240 1344 1463 1393 memoria,
1488 1345 1568 1383 nisi
1590 1346 1793 1386 vacillan-

401 1421 486 1454 tem
512 1414 823 1466 ancipitemque
852 1426 938 1451 non
968 1411 1069 1450 facit
1098 1411 1236 1450 fidem.
1266 1409 1429 1448 Mortuo
1454 1408 1636 1449 Clotario
1656 1410 1794 1464 Dago—

401 1478 543 1518 hertus
573 1477 682 1516 filius
713 1475 800 1532 ejus
831 1476 895 1516 tir
926 1475 1151 1515 admodum
1184 1473 1421 1527 religiosus,
1461 1474 1642 1528 acceptis
1676 1475 1795 1528 regni

402 1541 716 1597 gubernaculis,
749 1541 803 1580 ad
831 1539 1131 1580 convertendos
1152 1538 1207 1578 ad
1234 1537 1444 1577 Christum
1472 1537 1676 1577 Flandros
1700 1538 1794 1578 ani-

402 1621 519 1646 mum
551 1606 718 1662 adjecit.
747 1605 968 1660 Templum
996 1611 1100 1644 tunc
1122 1603 1244 1659 jussu
1272 1601 1360 1658 ejus
1391 1603 1595 1643 Salvatori
1625 1602 1790 1643 Christo

401 1673 551 1726 Brugis
575 1673 754 1726 positum
767 1703 777 1721 ,
799 1677 926 1724 atque
942 1670 996 1709 ab
1016 1670 1152 1723 Eligio
1172 1675 1316 1709 sancto
1340 1669 1517 1722 praesule
1537 1669 1790 1708 dedicatum.

403 1736 605 1775 Flandria
628 1735 761 1774 omnis
784 1733 996 1773 maritima
1016 1747 1147 1786 usque
1172 1733 1226 1772 ab
1252 1731 1472 1771 Gesoriaco
1493 1733 1548 1772 ad
1570 1732 1794 1772 Ostrobur-

405 1801 539 1855 gium,
574 1799 976 1853 Rodoburgiutmque
1005 1809 1113 1838 verae
1142 1795 1334 1848 religioni
1359 1809 1433 1849 per
1460 1795 1643 1849 Eligium
1672 1796 1794 1835 inau—

406 1869 571 1918 gurata.
613 1864 672 1903 De
708 1863 842 1916 Eligio
877 1861 1069 1901 Audoeni
1103 1859 1315 1899 Pontificis
1346 1859 1675 1913 Rodomagensis
1704 1858 1792 1914 ejus

403 1930 601 1984 temporis
625 1929 819 1983 aequalis,
847 1927 939 1967 haec
968 1933 1065 1966 sunt
1094 1925 1239 1966 verba:
1277 1924 1462 1977 Eligium
1492 1924 1789 1973 Flandrcnses,

404 1994 765 2049 Andoverpenses,
796 1993 1010 2042 Frisones,
1039 1991 1180 2040 Suevi,
1214 1996 1256 2030 et
1284 1990 1462 2030 Barbari
1494 1990 1652 2044 quique
1683 1991 1794 2030 circa

405 2059 529 2098 maris
557 2059 699 2098 littora
736 2057 952 2110 degentes,
991 2056 1172 2110 primum
1205 2056 1344 2095 hostili
1379 2056 1519 2095 animo
1550 2062 1591 2095 et
1622 2057 1794 2096 adversa

405 2127 543 2161 mente
559 2127 842 2175 susceperunt.
869 2120 923 2159 Et
938 2120 1020 2160 alio
1037 2120 1136 2160 item
1153 2122 1262 2160 loco:
1282 2121 1440 2174 Eligius
1457 2121 1790 2169 Viromandcnsi,

406 2188 684 2237 Noviomensi,
717 2186 990 2235 Tornacensi,
1022 2185 1291 2234 Flandrensi,
1332 2184 1568 2234 Gandensi,
1609 2198 1658 2224 ac
1693 2183 1794 2224 Cor-

408 2251 657 2290 tuariacensi
685 2250 903 2304 metropoli
939 2248 1123 2303 praefuit.
1161 2247 1262 2287 Haec
1293 2248 1532 2288 Audoenus.
1572 2248 1720 2287 Fertur
1755 2253 1796 2287 et

408 2314 565 2368 Eligius
595 2313 934 2354 Cortracensibus
970 2313 1135 2366 pietatis
1171 2314 1410 2353 rudimenta
1445 2314 1682 2363 tradidisse,
1721 2328 1792 2353 eo-

408 2394 585 2434 rumque
622 2379 825 2433 templum
863 2379 1003 2418 fecisse
1045 2386 1282 2431 augustum.
1334 2379 1598 2419 Lemonicem
1641 2394 1792 2432 genere

1964 341 2024 396 &a

1952 383 1959 392 α

1952 347 2001 511 -ᾋχᾏέςεέ

1984 395 2018 600 ΝΕ
1995 347 2010 367 ,Ι

1996 394 2022 429 sp(
