2372 3082
142 330 405 384 a&

1023 344 1104 381 (113)

653 562 702 596 Sic
729 561 840 596 Phoebi
865 563 956 595 rutila
980 562 1120 607 lampade
1149 562 1262 596 clarior

791 615 841 648 Tu
863 625 920 659 per
950 614 1065 659 templa
1095 615 1174 648 nites
1202 616 1273 648 Dei.

654 667 741 701 Sicut
768 667 862 701 thura
890 667 978 701 Sabae
1009 667 1091 700 dona
1122 668 1224 701 suavia

654 722 696 753 Et
719 719 833 753 nardus
857 719 1017 759 redolens,
1043 723 1195 763 grataque
1218 720 1279 752 lilia

652 774 866 819 Spirantisque
890 784 968 807 rosae
992 773 1088 807 duleis
1104 773 1211 813 odor,
1242 777 1295 806 tua

792 827 900 861 Virtus
918 830 1039 860 recreat
1067 827 1184 859 omnia.

653 880 840 923 Ecquisnam
868 879 1002 913 tremulo
1030 879 1140 924 pollice
1167 879 1298 912 luserit?

653 934 784 975 Quantis
810 938 840 966 te
868 932 995 967 decorat
1022 933 1166 966 Christus
1191 932 1363 966 honoribus

652 988 767 1020 Coram
797 987 1001 1030 magnanimis
1028 990 1121 1030 atque
1150 986 1323 1020 celebribus

794 1038 888 1071 Omni
911 1042 1054 1082 tempore
1079 1038 1228 1082 regibus?

650 1090 714 1122 Dat
741 1090 846 1123 firmas
872 1090 952 1123 acies
982 1090 1105 1124 vincere
1129 1088 1256 1123 dextera

652 1145 867 1186 Terroresque
894 1153 1002 1186 graves
1025 1153 1174 1188 spernere
1202 1143 1343 1186 gnaviter

650 1197 763 1230 Verbis
793 1199 932 1227 monstra
957 1194 1050 1228 docet
1079 1195 1215 1229 subdere
1246 1195 1373 1228 mitibus

790 1249 903 1290 Magna
930 1257 993 1280 non
1015 1248 1080 1281 sine
1104 1248 1216 1292 gloria.

653 1302 702 1334 Tu
728 1300 844 1334 Christi
871 1301 993 1345 populis
1018 1300 1165 1346 dogmata
1189 1301 1337 1346 praedicas

654 1356 695 1387 Et
719 1354 838 1398 magnis
862 1355 982 1388 veniam
1010 1355 1136 1389 vocibus
1164 1354 1309 1388 obsecras

654 1409 756 1440 Noxas
783 1418 852 1440 cum
878 1408 961 1440 viciis
986 1408 1131 1441 omnibus
1159 1409 1302 1453 increpas

744 1463 848 1494 Mores
877 1463 981 1506 arguis
1010 1461 1184 1507 improbos,

656 1515 774 1548 Multos
806 1525 842 1547 ex
870 1514 1006 1547 tenebris
1031 1514 1136 1548 eximis
1165 1513 1302 1548 horridis

653 1568 740 1608 Quos
768 1570 880 1599 sanetae
905 1565 975 1598 fidei
996 1566 1111 1600 lumine
1138 1566 1283 1600 candidas

655 1621 891 1664 lnstructosque
919 1620 961 1664 pii
989 1620 1100 1654 ritibus
1129 1620 1247 1655 ordinis

792 1674 893 1707 Sacris
922 1673 1060 1707 fontibus
1086 1674 1197 1708 abluis.

654 1729 730 1760 Post
754 1728 818 1762 haec
846 1739 966 1761 summa
992 1727 1056 1761 dies
1087 1727 1196 1762 funere
1224 1727 1378 1762 clauditur

655 1780 781 1813 Scandit
805 1781 919 1824 templa
946 1781 1015 1824 pius
1041 1781 1145 1814 coelica
1171 1782 1297 1825 spiritus

655 1833 739 1865 Felix
765 1838 917 1877 perpetuo
940 1832 1093 1866 fructibus
1117 1834 1243 1879 optimae

792 1888 872 1919 Vitae
899 1885 1072 1931 perfruitur
1100 1898 1174 1920 suae.

654 1939 734 1971 Sana
762 1943 868 1971 nostra
896 1940 982 1972 Deus
1011 1938 1136 1972 vulnera
1165 1939 1330 1974 criminum

657 1993 718 2023 Pax
743 2002 849 2024 secura
878 1992 951 2024 loeis
979 1996 1090 2035 regnet
1118 1993 1150 2025 in
1178 1992 1321 2026 omnibus

654 2045 702 2077 Da
727 2048 797 2088 post
821 2043 883 2077 sata
910 2045 970 2077 tuis
996 2043 1106 2078 divitiis
1132 2044 1193 2078 frui

791 2100 922 2131 AEterna
949 2098 1054 2141 requie
1082 2102 1146 2131 tua.
