2372 3082
397 347 461 610 ff,

404 2541 425 2614 *ἇς

406 2634 457 2697 Q

450 340 664 395 Q
1308 345 1419 385 (88)-
1490 360 1500 362 -
2007 334 2220 389 s&

634 573 883 628 cognomine
911 572 1047 612 bonus
1070 572 1114 611 in
1140 570 1353 611 communi
1373 569 1598 623 Belgarum
1627 569 1738 610 fame
1767 570 1919 626 Hypris
1940 584 2033 625 sep-

630 647 716 681 tem
747 639 866 679 milia
896 643 937 677 et
957 639 1219 692 octingentos
1240 650 1369 692 panes
1393 641 1547 690 praeter
1563 640 1719 676 vestem
1739 650 1789 676 ac
1809 637 2033 691 pecuniam

630 721 716 747 uno
746 706 812 746 die
842 704 984 758 egenis
1014 702 1247 753 distribuit,
1283 701 1400 741 nullo
1430 701 1541 740 inter
1570 700 1663 740 illos
1694 699 1806 740 facto
1833 715 2032 754 persona-

629 787 724 813 rum
772 770 1025 812 discrimine.
1073 768 1241 807 Etenim
1276 768 1326 806 cle
1361 767 1542 806 externis
1582 767 1706 805 etiam
1749 766 1943 820 gentibus
1979 767 2032 806 ad

630 833 1064 876 munificentissimum
1088 831 1404 885 piissimumque
1423 830 1657 884 principem
1680 831 1849 870 miseros
1871 829 2032 870 confiu-

630 903 735 942 xisse
784 904 963 940 constat.
1023 897 1114 938 Non
1160 897 1308 937 iverim
1354 896 1629 936 nihilominus
1683 901 1825 936 tamen
1872 896 2033 936 inficias

633 966 906 1008 coercendam
938 977 1023 1004 esse
1053 962 1268 1002 scurrilem
1289 961 1406 1001 illam
1436 966 1477 1000 et
1511 961 1711 1001 infamem
1748 961 2035 1001 mendicorum

632 1033 880 1081 colluviem,
930 1030 1131 1071 vitiorum
1183 1028 1372 1067 omnium
1428 1025 1656 1073 sentinam,
1718 1039 1767 1064 ac
1821 1025 2034 1065 dedecoris

632 1096 921 1145 seminarium,
973 1094 1024 1134 de
1069 1107 1155 1147 qua
1208 1091 1411 1146 Baptistae
1461 1094 1596 1143 poetae
1637 1089 1877 1144 hujusmodi
1919 1095 2033 1129 extat

633 1162 831 1216 elogium.

880 1224 1043 1262 Pauperies
1065 1224 1191 1252 inimica
1216 1223 1304 1251 bonis
1327 1228 1372 1252 est
1398 1225 1550 1258 moribus,
1580 1234 1670 1253 omne

881 1273 1006 1301 Labitur
1031 1274 1062 1301 in
1093 1273 1218 1307 vitium,
1249 1272 1348 1310 culpoe
1375 1273 1589 1312 scelerumque
1613 1273 1751 1302 ministra
1784 1278 1841 1302 est.

691 1356 783 1396 Non
822 1355 1096 1408 intelligimus
1136 1353 1324 1407 profecto
1374 1355 1406 1393 si
1452 1356 1563 1394 inter
1602 1361 1742 1395 tantas
1787 1355 2028 1396 mortalium

634 1422 883 1477 cupiditates
912 1425 1024 1459 recte
1046 1424 1175 1472 atque
1197 1419 1343 1458 ordine
1365 1420 1653 1459 administrari
1680 1426 1817 1474 posset
1837 1420 2031 1474 Hypren-

633 1489 739 1528 sium
770 1485 1034 1534 institutum,
1069 1488 1277 1537 quantum
1308 1482 1469 1523 fructus
1500 1484 1765 1538 Reipublicae
1793 1491 1896 1525 esset
1921 1486 2028 1525 alla-

632 1561 795 1603 turum,
826 1556 929 1605 quot
955 1550 1138 1604 perditos
1159 1548 1213 1588 ad
1238 1548 1392 1587 bonam
1418 1547 1651 1587 retraheret
1682 1548 1865 1602 frugem,
1902 1563 2029 1602 quam

632 1619 784 1659 multos
823 1632 848 1657 a
883 1617 998 1671 turpi
1039 1620 1244 1670 egestate,
1293 1614 1346 1653 ab
1392 1614 1614 1653 inhonesta
1657 1616 1767 1664 vita,
1813 1628 1838 1653 a
1884 1614 2004 1653 furtis
2015 1646 2025 1664 ,

634 1685 796 1739 ganeis,
828 1683 1115 1739 patibulisque
1142 1695 1336 1721 asserere.
1360 1680 1498 1719 Tanto
1521 1680 1636 1734 operi
1659 1681 1863 1734 benignas
1886 1680 2031 1719 admo-

632 1751 770 1791 verint
797 1764 946 1789 manus
976 1746 1284 1788 coenobiarchae
1311 1746 1463 1795 nostri9
1497 1759 1546 1785 ac
1576 1747 1780 1800 plaerique
1810 1747 1881 1785 alii
1914 1746 2032 1786 ditis-

635 1815 727 1860 simi
777 1813 1029 1861 sacerdotes,
1079 1810 1152 1864 qui
1202 1823 1288 1849 non
1338 1810 1472 1848 solum
1521 1810 1620 1858 sibi,
1667 1810 1737 1849 sed
1778 1811 2031 1865 pauperibus

628 1878 847 1934 juvandiS,
878 1875 1055 1930 captivis
1076 1873 1350 1924 redimendis,
1385 1874 1564 1913 indoctis
1596 1874 1858 1923 erudiendis,
1894 1876 2030 1914 omni-

635 1946 797 1998 busque
814 1942 1028 1997 explendis
1045 1940 1340 1980 misericordiae
1357 1941 1551 1994 operibus
1571 1946 1712 1980 tantas
1731 1941 1892 1980 babent
1914 1955 2026 1995 opes.

634 2009 715 2049 Sed
759 2007 960 2062 quoniam
1000 2005 1082 2044 hac
1119 2004 1169 2043 de
1208 2018 1252 2042 re
1289 2004 1342 2043 ab
1378 2005 1589 2045 Ludovico
1627 2004 1729 2045 Vive
1770 2020 1854 2044 non
1895 2006 2026 2045 solum

636 2074 802 2127 elegans
824 2085 874 2110 ac
894 2070 1053 2123 gravis,
1078 2068 1149 2107 sed
1169 2068 1284 2106 omni
1305 2069 1430 2107 etiam
1457 2070 1613 2123 pietate
1639 2070 1787 2124 plenus
1815 2070 2029 2124 conscrip-

634 2145 700 2179 tus
739 2143 799 2178 est
832 2136 1018 2185 libellus,
1057 2133 1231 2174 verbum
1262 2148 1347 2173 non
1380 2136 1559 2190 amplius
1590 2137 1758 2176 addam.
1795 2135 1901 2175 Dum
1938 2136 2030 2176 haec

635 2204 859 2245 scriberem
903 2201 1126 2255 collegium
1170 2199 1480 2253 Theologorum
1520 2200 1816 2240 Parisiensium
1860 2200 2029 2255 publico

636 2271 803 2309 decreto
825 2266 1075 2321 approbavit
1093 2266 1332 2305 institutum
1361 2266 1639 2321 Ilyprensiurn
1666 2267 1709 2306 in
1738 2281 1930 2307 consessu
1957 2282 2029 2307 suo

637 2334 889 2375 Maturinico
915 2333 981 2372 die
1002 2333 1293 2372 decimo-sexto
1315 2331 1505 2371 Januarii
1530 2345 1641 2371 anno
1664 2331 1882 2370 millesimo
1905 2332 2029 2385 quin-

637 2401 865 2455 gentesimo
883 2399 1109 2452 trigesimo.

2212 2580 2224 2610 ὲ
2250 2587 2261 2606 s

1446 2629 2247 2686 -ffiffi—ss--ss--wsss

2212 374 2267 601 Q„

2212 2563 2227 2593 k
