2372 3082
1927 312 1979 365 §.333

1027 315 1941 370 ‹sam—Q&—

1925 366 1981 574 -θῆῗ

359 557 541 604 Gavera,
564 551 826 605 Sotteghem‚
849 549 1084 599 Bolarium,
1110 548 1382 589 Seornacum.
1406 548 1525 590 Ursae
1546 548 1592 588 in
1608 545 1750 587 Comi-

359 629 473 663 tatu:
498 618 735 667 cisonium,
760 616 927 671 Heyna,
953 614 998 654 in
1019 614 1248 654 Dominatu
1274 615 1483 665 Pamella,
1506 613 1747 663 Bolarium,

361 699 467 741 quas
503 698 529 724 a
564 681 714 722 Gothis
753 679 999 720 remansisse
1034 678 1255 717 verisimile
1289 684 1351 717 est
1383 684 1608 732 propterea
1638 675 1753 730 quod

358 752 532 793 tradant
567 748 742 803 quidam
776 759 894 785 ursas
929 743 1165 783 Gothorum
1208 742 1332 783 fuisse
1376 736 1574 795 insignia.
1623 742 1753 794 Signa

360 814 580 863 militaria,
614 825 711 866 quae
740 809 899 850 dotalia
929 822 1004 863 per
1032 807 1143 848 dona
1173 814 1266 848 orta
1286 814 1384 848 sunt
1404 822 1454 847 ex
1476 808 1600 847 domo
1622 806 1754 846 Flan-

361 882 503 931 drica,
557 877 727 920 invenio
769 875 1022 923 Dunckerc,
1066 873 1377 926 Broburgium,
1426 871 1753 924 Gravelingam,

361 947 690 993 Varnestunum,
729 940 993 988 Vindaliam,
1038 938 1342 978 Rotornacum.
1379 936 1510 976 Porro
1551 935 1757 991 juridicos

362 1016 589 1053 conventus
610 1022 679 1047 seu
702 1005 925 1060 primarias
947 1003 1237 1042 clientelarum
1267 1002 1430 1041 comitis
1461 1001 1597 1041 curias
1629 1000 1759 1040 Flan-

363 1077 457 1117 dria
521 1072 758 1114 Teutonica
821 1069 1011 1110 eontinet
1081 1080 1190 1106 XXIV.
1255 1065 1449 1106 Castrum
1508 1064 1755 1114 Gandense,

364 1148 548 1183 castrum
583 1140 818 1193 Brugense,
866 1136 1008 1175 aulam
1047 1133 1326 1189 Hyprensem,
1366 1137 1550 1171 castrum
1586 1129 1760 1170 cortra-

366 1220 505 1256 eense,
526 1204 688 1245 curiam
708 1201 1063 1248 Harlebeeanam,
1089 1198 1250 1238 curiam
1269 1196 1540 1236 Thiletanam
1552 1227 1563 1246 ‚
1589 1195 1760 1236 domum

365 1273 632 1319 Donzanam,
680 1267 899 1308 castellum
944 1265 999 1305 ad
1043 1263 1243 1314 Pctegam
1284 1259 1408 1315 juxta
1448 1258 1756 1310 Aldenardam,

367 1344 530 1394 petram
562 1334 941 1382 Aldenardensem,
976 1335 1161 1371 castrum
1196 1327 1432 1376 Furnense‚
1466 1325 1628 1366 curiam
1658 1323 1760 1364 Cas-

368 1406 552 1445 letanam
569 1433 579 1452 ,
634 1405 797 1454 petram
851 1397 1104 1450 Bergensem
1120 1424 1132 1444 ,
1186 1392 1348 1432 curiam
1396 1391 1757 1443 Broburgensem,

366 1469 529 1510 curiam
583 1464 859 1505 Baliolanam.
926 1460 1091 1500 Gallica
1139 1471 1257 1505 vem,
1308 1457 1450 1497 aulam
1495 1454 1759 1504 Insulanam,

368 1539 551 1574 castrum
566 1530 802 1576 Duacense,
827 1526 990 1566 curiam
1005 1523 1345 1564 Orchiaeensem.
1370 1520 1618 1560 Dominatus
1638 1520 1755 1570 item,

369 1603 532 1653 petram
579 1594 843 1642 Alostanam,
888 1591 1059 1631 domum
1102 1587 1545 1636 Teneremundanam,
1598 1586 1760 1625 curiam

372 1661 639 1708 Wasianam,
678 1664 861 1697 castrum
897 1653 1187 1695 Bevernicum.
1225 1651 1275 1692 In
1309 1651 1386 1691 hos
1426 1656 1653 1691 conventus
1687 1664 1759 1691 seu

371 1726 640 1782 praefecturas
669 1723 731 1763 sui
762 1722 921 1776 quique
950 1719 1197 1760 tribuuntur
1232 1717 1422 1766 clientes,
1458 1729 1562 1770 quos
1589 1715 1761 1770 quidem

373 1793 584 1833 universos
606 1788 742 1843 (quod
770 1787 883 1826 bona
905 1799 1001 1839 pars
1018 1784 1258 1824 Romanum
1278 1782 1493 1835 refugiant
1513 1781 1760 1835 eloquium),

375 1867 700 1896 commemorare
740 1852 903 1891 nullum
941 1849 1040 1889 duxi
1086 1861 1224 1902 operae
1260 1847 1462 1900 precium.
1511 1845 1764 1887 Gandavum

376 1921 630 1961 conveniunt
651 1917 889 1958 dominatus
911 1928 982 1954 seu
1003 1913 1100 1968 pagi
1121 1911 1300 1966 amplius
1321 1911 1493 1965 viginti,
1527 1911 1572 1951 in
1609 1911 1763 1965 quibus

373 1984 696 2025 Vieeeomitatus
723 1979 979 2029 Gaudensis,
1004 1977 1283 2027 Niveliacum,
1319 1975 1482 2016 Fanum
1512 1975 1688 2015 Joannis
1703 1975 1764 2016 ad

373 2052 575 2106 lapidem,
600 2048 925 2096 Tronchifflum,
965 2044 1122 2094 Axilla,
1148 2042 1387 2092 Stelandia,
1419 2041 1612 2082 Praetura
1642 2040 1765 2081 Asse-

375 2117 540 2157 nedana
560 2129 610 2154 ac
638 2114 919 2161 Bochostana,
953 2108 1232 2158 Basseveldia,
1265 2107 1381 2156 Eka,
1415 2106 1759 2159 Lovendeghem,

377 2178 672 2232 Zomerghcm,
718 2175 998 2224 Saemslaeht,
1047 2173 1297 2221 Varovicus,
1342 2171 1629 2211 Vosteriaeum
1679 2176 1761 2211 etc.

378 2246 537 2298 Brugas
568 2256 736 2297 quoque
766 2242 859 2297 plus
891 2239 1061 2294 viginti,
1096 2252 1145 2278 ex
1180 2238 1334 2292 quibus
1364 2236 1636 2285 Dixmmlam,
1661 2234 1765 2275 Ges-

379 2310 545 2359 tcllam,
567 2307 821 2360 Maldcgam,
847 2303 1203 2354 Liehterveldam,
1270 2301 1476 2353 udzilam‚
1511 2301 1760 2350 Grutusam,

381 2375 567 2414 Prattam
581 2404 593 2424 ,
618 2370 914 2425 Orsmmpum,
937 2368 1168 2418 Coukelar,
1195 2365 1529 2422 Medioburgium
1549 2378 1765 2406 recensere
1946 2380 1999 2590 Q

246 2629 416 2662 ²²<

1741 2580 2000 2648 &iffi
