2372 3082
120 408 175 587 ⁷«

351 566 575 609 provenere
602 551 821 592 masculini
851 565 968 591 sexus
995 550 1118 591 liberi
1147 550 1352 603 JoanneS,
1385 553 1542 604 Guido,
1576 553 1728 594 Henri-

350 632 441 659 cus:
475 617 658 658 foeminae
686 631 782 658 vero
813 616 1058 670 Margarita,
1099 614 1232 665 Alisa,
1270 615 1481 674 Philippa.
1526 619 1728 659 Maximus

349 683 493 722 domus
534 683 715 722 Joannes
763 680 1111 726 Namurcensibus
1148 680 1250 735 jura
1292 682 1420 722 dedit.
1458 685 1729 737 Primumque

349 747 412 786 illi
431 747 743 787 matrimonium
763 745 845 786 fuit
864 759 959 785 cum
980 744 1067 784 filia
1087 745 1248 785 comitis
1268 746 1600 798 Claromontani,
1624 748 1729 787 alte-

350 825 444 851 rum
493 825 589 852 cum
627 811 715 851 filia
757 810 944 865 Philippi
983 808 1215 861 Atrebatis,
1254 825 1303 851 ex
1342 827 1428 868 qua
1472 812 1728 854 Guilelmum

350 877 542 917 comitem
565 876 909 926 Namurcensem,
940 881 981 915 et
1007 889 1177 916 uxorem
1207 875 1403 918 Guilelmi
1429 878 1545 919 ducis
1573 877 1729 917 Julias-

349 941 480 980 censis
499 940 649 980 habuit
668 942 834 981 liberos.

407 1004 590 1045 Guidoni
624 1006 734 1045 dicto
761 1004 1032 1045 Namurcensi
1062 1005 1181 1044 cessit
1201 1005 1439 1047 dominatus
1458 1008 1728 1050 Richenbur-

349 1069 504 1122 gensis,
528 1083 748 1123 comesque
763 1067 1048 1110 Chiniacensis
1063 1070 1177 1111 thori
1196 1072 1321 1113 socia.
1339 1071 1536 1113 Minimus
1551 1072 1729 1113 fratrum

349 1133 552 1174 Henricus
572 1149 707 1174 comes
726 1134 933 1175 Lossensis
955 1136 1022 1189 (ut
1041 1136 1175 1191 lego),
1198 1137 1317 1177 nulla
1337 1150 1387 1176 ex
1400 1136 1534 1178 Maria
1549 1136 1728 1178 Clivensi

349 1204 539 1253 suscepta
561 1199 677 1253 prole
697 1199 885 1242 decessit.
909 1201 1140 1255 Margarita
1158 1203 1286 1243 trium
1317 1216 1502 1243 sororum
1523 1203 1723 1254 maxima,

349 1264 516 1318 enupsit
543 1264 589 1304 in
618 1264 800 1305 Scotiam
829 1266 917 1321 regi
947 1265 1207 1318 Alexandro,
1242 1267 1469 1308 Alexandri
1499 1267 1605 1318 filio,
1643 1282 1727 1322 quo

350 1329 491 1368 statim
519 1334 653 1368 morte
672 1330 899 1371 immatura
919 1331 1113 1386 abrepto,
1137 1333 1297 1373 revenit
1324 1334 1379 1372 ad
1407 1339 1589 1387 patrem,
1612 1333 1728 1373 loca-

350 1399 479 1448 taque
507 1394 742 1447 Reginaldo
772 1396 913 1436 comiti
940 1396 1140 1447 Geldriae,
1168 1397 1471 1451 Reginaldum,
1497 1397 1722 1448 Vidonem,

348 1457 611 1512 Philippum,
644 1464 686 1499 et
709 1459 866 1500 Elisam
900 1461 1090 1514 protulit.
1126 1460 1284 1501 Alisam
1319 1463 1398 1502 sibi
1431 1462 1556 1502 thoro
1584 1460 1729 1517 junxit

347 1523 542 1564 Morellus
569 1523 830 1572 Fiennensis‚
867 1525 981 1564 unde
1010 1530 1147 1564 ortum
1169 1526 1263 1577 lego
1281 1527 1460 1567 alterum
1480 1526 1722 1574 Morellum,

348 1588 593 1641 magistrum
621 1587 809 1639 equitum
837 1586 1096 1627 Francorum
1118 1589 1246 1642 regis,
1280 1603 1330 1628 ac
1357 1589 1564 1629 Joannem
1598 1590 1726 1630 Mori-

348 1665 498 1691 norum
545 1651 786 1705 pontificem
805 1681 816 1700 ,
865 1651 1154 1705 presbyterum
1200 1653 1378 1692 cundem
1426 1653 1692 1694 Cardinalem
1711 1686 1721 1704 ‚

349 1715 599 1756 Guilelmam
620 1729 788 1770 quoque
808 1714 1132 1768 Lovengiacensi
1157 1722 1335 1771 nuptam
1358 1716 1576 1772 praefecto,
1604 1719 1725 1759 inde-

349 1794 430 1834 que
450 1779 735 1836 Croyanorum
755 1785 888 1820 ortam
910 1793 959 1819 ac
979 1785 1146 1819 auctam
1166 1780 1383 1820 familiam.
1407 1780 1566 1820 Alisam
1586 1787 1726 1822 autem

348 1845 508 1885 Morelli
538 1845 727 1899 magistri
753 1844 943 1898 equitum
967 1845 1169 1899 virginem
1206 1845 1348 1886 datam
1379 1844 1608 1896 Guilelmo,
1640 1846 1727 1886 filio

348 1910 374 1950 J
376 1910 521 1950 oannis
533 1909 791 1959 Aveniensis,
804 1908 1160 1965 Gavcrorumque,
1175 1924 1247 1950 suo
1263 1911 1480 1966 sanguine,
1499 1911 1727 1966 plurimum

348 1975 573 2016 illustrasse
602 1976 787 2016 domum.
826 1974 938 2015 Natu
971 1981 1203 2030 postrema,
1242 1991 1292 2017 ac
1325 1977 1505 2017 maxime
1539 1976 1726 2016 omnium

349 2040 532 2081 Guidoni
575 2041 687 2097 patri
726 2041 879 2081 dilecta
887 2072 898 2091 ,
943 2041 1011 2096 cui
1054 2055 1124 2081 rex
1165 2042 1232 2081 dic
1276 2042 1446 2082 lustrico
1486 2040 1728 2095 Philippam

349 2106 509 2146 dixerat
528 2120 702 2155 nomen,
726 2106 927 2160 promissa
945 2105 1143 2147 Eduardo
1169 2106 1213 2145 id
1241 2106 1439 2161 temporis
1468 2105 1606 2145 coelibi
1637 2103 1727 2145 An-

350 2172 512 2226 glorum
545 2173 654 2226 regi,
685 2171 865 2212 Lutetiae
898 2171 943 2211 in
976 2171 1217 2226 captivitate
1250 2171 1456 2211 incertum
1500 2170 1636 2210 toxico
1670 2183 1726 2210 an

349 2236 479 2277 animi
518 2237 661 2278 dolore
695 2235 869 2276 interiit.
907 2235 1115 2277 Caeterum
1153 2236 1432 2287 Ludovicum,
1470 2234 1722 2285 Robertum,

347 2317 398 2343 ac
424 2308 507 2343 tres
537 2302 644 2342 filias
674 2301 900 2352 Joannem,
930 2301 1071 2353 Jolen,
1103 2301 1370 2352 Mathildcm,
1399 2301 1475 2341 hos
1507 2313 1648 2341 omnes
1679 2313 1727 2340 cx

347 2367 588 2408 Jolanthide
607 2368 758 2407 comite
776 2366 1110 2418 Nivernensium,
1134 2366 1393 2421 Burgundiae
1422 2366 1539 2406 ducis
1568 2365 1726 2406 odonis
