2372 3082
379 338 1065 377 nffl———w—glsz)

1267 325 1961 380 Μηψωὸχὲῇξῇ

1757 362 1765 368 r
1911 376 1920 386 Q
1943 375 1952 386 (2

1924 400 1939 407 a

1904 388 1939 441 ff

1904 398 1914 415 x

1904 376 1960 583 Q}

347 562 428 602 suis
443 561 627 601 viventes
652 558 872 610 reditibus,
896 559 942 598 in
961 557 1147 612 opifices,
1173 571 1352 611 quorum
1373 562 1470 597 sunt
1490 556 1624 596 officia
1644 557 1727 597 duo

142 619 146 711 Ι
346 632 387 665 et
421 623 751 678 quinquaginta,
798 623 842 661 in
877 627 1054 661 textores
1089 624 1269 663 tributos
1303 623 1349 663 in
1389 623 1538 662 classes
1577 623 1728 676 viginti

347 694 519 742 septem.
544 687 578 725 li
600 693 682 726 tres
709 686 887 726 civitatis
912 686 1076 727 ordines
1100 689 1245 727 munia
1265 702 1446 742 quaeque
1467 688 1729 742 Reipublicae

345 752 607 804 honoresque
636 764 686 789 ac
714 750 938 803 dignitates
957 750 1067 790 inter
1087 765 1127 790 se
1149 751 1355 790 dividunt.

403 816 672 855 Gubernatur
708 814 963 868 Respublica
996 828 1070 868 per
1112 814 1330 853 Senatores
1384 828 1488 868 quos
1531 813 1730 854 Scabinos

345 887 515 931 vocant,
547 880 766 920 tredecim:
797 880 913 934 queis
931 880 1103 919 totidem
1124 879 1382 935 adjiciuntur
1402 879 1647 930 consiliarii,
1682 893 1732 920 ac

344 960 419 1000 per
434 945 637 984 Praetores
659 944 830 984 Comitis
851 943 1073 999 majorem,
1098 944 1387 997 minoremque
1409 943 1732 983 Vicecomitatus

344 1009 576 1049 Gandensis
597 1008 842 1047 Cortracum
859 1022 953 1046 cum
975 1009 1153 1047 castellis
1175 1009 1257 1046 suis
1277 1008 1517 1058 Viroviaco,
1537 1009 1728 1057 Meninis,

343 1072 595 1121 Harlebeca,
620 1070 807 1121 Thileto,
840 1071 1030 1121 Denzila,
1063 1072 1209 1122 Ecloo,
1243 1072 1466 1127 Capriaco,
1500 1073 1726 1122 Lembeca,

343 1136 677 1177 Aldenardenses
706 1151 875 1191 quoque
901 1143 943 1176 et
973 1137 1216 1188 Birfletani,
1245 1152 1322 1178 nec
1353 1153 1437 1178 non
1465 1144 1506 1178 et
1541 1139 1731 1191 Quatuor

343 1200 499 1249 officia,
527 1201 600 1254 qui
628 1207 726 1240 sunt
755 1201 1027 1251 Bocholtani‚
1064 1203 1343 1253 Assenedani,
1382 1202 1587 1253 Axillani,
1626 1203 1732 1243 Hul-

343 1267 473 1316 stani,
510 1265 806 1320 Ruplemonda
834 1272 1037 1321 praeterea
1067 1274 1107 1307 et
1137 1267 1347 1321 Saftinga,
1385 1267 1549 1307 Fanum
1583 1267 1728 1316 Pauli,

343 1331 507 1371 Fanum
538 1332 715 1385 AEgidii,
743 1346 836 1371 cum
869 1333 1029 1371 caeteris
1061 1332 1119 1371 W
1121 1332 1289 1370 asiensis
1320 1331 1411 1385 agri
1441 1331 1578 1386 pagis,
1611 1330 1732 1370 Alos-

343 1402 452 1447 tum,
491 1397 657 1447 Ninive,
695 1398 916 1452 Templum
955 1396 1118 1445 Martis,
1162 1395 1402 1435 Bornoham
1438 1409 1533 1434 cum
1569 1394 1731 1449 oppidis

342 1461 678 1511 Teneremonda,
716 1468 759 1501 et
793 1461 1114 1502 Grandimonte.
1159 1460 1259 1499 Haec
1305 1460 1447 1500 omnia
1493 1459 1569 1499 sub
1615 1458 1732 1499 Gan-

344 1525 532 1564 densium
567 1525 766 1565 dicuntur
799 1540 883 1565 esse
914 1527 1107 1579 imperio,
1142 1532 1366 1579 propterea
1399 1526 1512 1579 quod
1542 1526 1587 1565 in
1618 1539 1733 1565 com-

343 1590 461 1629 muni
483 1604 609 1629 censu
635 1605 684 1630 ac
710 1589 963 1645 professione
993 1589 1207 1629 Flandriae
1236 1589 1484 1643 imperatam
1512 1588 1732 1628 conferant

344 1667 440 1692 cum
476 1654 557 1692 illis
597 1655 839 1707 pecuniam,
875 1655 920 1694 in
954 1654 1064 1694 bello
1099 1667 1194 1693 cum
1227 1654 1374 1693 iisdem
1411 1668 1452 1693 se
1487 1658 1651 1693 arment
1692 1658 1733 1691 et

345 1716 519 1756 consilia
539 1719 861 1758 communicent.

402 1846 562 1897 Brugas
593 1859 665 1883 seu
695 1844 871 1897 Brugias
899 1844 952 1883 ob
982 1846 1164 1901 bruggas
1195 1848 1275 1888 hoc
1304 1855 1365 1887 est
1393 1855 1559 1902 pontes,
1599 1849 1731 1889 dictas

344 1909 507 1956 ferunt,
532 1907 646 1961 quod
665 1907 732 1947 via
753 1907 890 1946 media
914 1908 1024 1948 inter
1048 1912 1382 1967 Aldenburgium
1408 1919 1450 1952 et
1476 1914 1731 1954 Rodenbur-

345 1974 458 2028 gium
480 1986 656 2026 parvum
678 1973 890 2025 quoddam
913 1972 1057 2028 junxit
1084 1975 1303 2016 brachium
1333 1977 1458 2016 maris
1479 1978 1546 2016 cui
1569 1977 1731 2031 Reyam

345 2037 499 2076 accolae
533 2036 672 2075 dixere
707 2050 875 2075 nomen.
921 2037 1021 2076 Haec
1058 2055 1165 2080 nova
1211 2048 1290 2091 est,
1332 2057 1409 2081 nec
1453 2043 1532 2081 loci
1578 2048 1732 2081 natura

344 2102 486 2150 firma,
528 2115 605 2140 nec
643 2100 802 2140 fiumen
852 2101 999 2151 habet,
1049 2104 1205 2157 alioqui
1246 2105 1507 2158 Belgicarum
1543 2105 1731 2145 omnium

344 2166 466 2206 facile
494 2166 701 2220 princeps.
731 2167 908 2220 Reperio
937 2167 981 2205 in
1010 2166 1143 2206 latina
1167 2168 1350 2220 quadam
1371 2169 1544 2221 epistola
1565 2168 1730 2208 comitis

347 2232 557 2285 Arnulphi
579 2231 720 2285 magni
744 2232 798 2271 ad
818 2231 1058 2286 pontificem
1079 2231 1327 2280 Remorum,
1353 2231 1433 2270 hoc
1453 2232 1574 2271 modo
1595 2232 1728 2287 scrip-

346 2303 437 2337 tum
465 2297 671 2350 Brudgias
706 2304 886 2351 portum.
925 2298 1045 2349 Quod
1079 2295 1112 2334 si
1147 2294 1354 2349 Grudgias
1388 2296 1639 2336 scriberetur
1674 2297 1729 2336 ad

348 2360 525 2402 Grudios
550 2360 794 2402 Nerviorum
823 2363 994 2402 clientes
1022 2360 1288 2403 referendum
1317 2367 1529 2416 putarem,
1554 2375 1730 2417 praeser-

137 2581 139 2585 .
144 2579 147 2588 s

115 2623 149 2655 (ἔω
153 2611 379 2654 aa&
1850 2612 1966 2656 -adsssgffi
