2372 3082
1036 328 1117 368 (141)

565 521 652 554 Hora
679 517 772 553 datur
795 519 890 554 Marti
914 519 1008 554 sacris
1034 530 1095 564 qua
1121 518 1251 563 tingeris
1277 518 1388 558 undis,

609 573 727 605 Contra
753 571 859 606 hostes
882 572 990 606 animae
1014 571 1153 617 gnaviter
1180 581 1267 604 arma
1296 570 1399 605 feres:

563 624 650 657 Hora
673 634 709 657 ea
735 633 817 658 nona
839 622 900 657 fuit
926 635 986 669 qua
1012 636 1134 659 sacrum
1161 625 1220 658 rite
1247 623 1390 659 sacerdos

609 676 697 710 Fecit
721 680 753 710 et
779 676 918 711 incendit
943 677 1042 711 dulcia
1069 677 1163 711 thura
1192 679 1277 717 Deo,

562 728 646 771 Quin
672 729 856 763 lustratores
880 729 1007 764 decorat
1029 739 1107 774 quos
1136 729 1261 773 sanguis
1287 729 1392 776 avitus·

607 781 654 814 Ac
679 780 777 814 virtus
801 785 912 822 ornat,
941 791 1186 816 commemorare
1212 781 1320 817 decet:

560 832 711 878 Discipuli
735 833 827 868 ambo
854 834 900 868 tui
927 834 979 879 qui
1007 833 1145 879 gaudent
1174 845 1242 868 esse
1268 834 1406 879 parentis

607 885 757 931 Claraque
780 887 889 922 Pieriis
920 898 976 923 ora
1002 889 1104 933 rigare
1139 888 1240 928 vadis,

562 938 681 971 Neuter
705 938 801 974 habet
823 944 945 986 patrem
973 941 1122 985 genitrice
1148 940 1258 975 beatus
1278 945 1429 986 uterque,

606 991 756 1035 Ingenio,
781 993 902 1033 studio,
931 993 1112 1033 nobilitate,
1140 1004 1245 1037 pares.

556 1043 647 1076 Alter
673 1044 826 1085 Joannes,
853 1043 1036 1079 Fernandus
1061 1044 1174 1078 dicitur
1197 1044 1277 1078 alter

604 1094 738 1129 Maxima
768 1097 937 1141 Progenies
962 1098 1060 1143 patris
1083 1101 1216 1142 uterque
1242 1097 1302 1130 sui.

558 1149 618 1182 Hic
647 1147 704 1181 sibi
731 1150 950 1192 Moscronum,
979 1150 1159 1185 Morbecam
1188 1149 1326 1195 possidet
1352 1149 1402 1183 ille

604 1202 706 1235 Heros
729 1202 761 1235 in
784 1204 901 1249 populo
926 1214 1057 1248 magnus
1081 1207 1214 1247 uterque
1242 1213 1310 1236 suo.

558 1257 616 1289 Est
640 1255 787 1290 Morbeca
813 1257 937 1302 quidem
964 1269 1112 1302 maguum
1139 1257 1219 1291 bene
1242 1262 1316 1291 nota
1344 1267 1401 1302 per
1428 1254 1536 1289 orbem

603 1308 746 1343 Occiduis
775 1310 916 1344 Flandris
943 1311 1041 1356 gloria
1064 1312 1165 1357 prima
1190 1312 1272 1351 suis⁷

558 1361 690 1394 Strenua
716 1362 876 1404 bellatrix,
904 1363 989 1398 duris
1017 1375 1087 1409 spes
1111 1364 1201 1398 unica
1233 1364 1345 1403 rebus,

602 1415 746 1449 Tutatrix
771 1417 896 1461 patriae,
921 1416 1161 1462 praesidiumque
1189 1428 1251 1451 suae
1265 1431 1274 1459 3

556 1468 632 1509 Quae
659 1468 751 1501 toties
780 1469 890 1514 grandi
918 1469 1079 1504 Gallorum
1107 1473 1213 1514 strage
1243 1473 1378 1503 catervas

604 1520 713 1561 Fudit,
741 1526 773 1554 et
797 1522 923 1557 illorum
950 1523 1100 1567 sanguine
1125 1523 1217 1556 tinxit
1240 1523 1370 1556 humum

557 1573 648 1618 Cepit
670 1574 823 1608 Joannem
847 1577 966 1620 Regem
994 1575 1151 1619 Donysius
1179 1575 1252 1609 olim

602 1627 658 1660 Cui
686 1627 910 1662 Morbecanum
934 1628 1039 1674 paruit-
1060 1638 1153 1662 omne
1178 1628 1302 1662 solum:

556 1679 639 1713 Vicit
661 1684 693 1714 et
720 1679 813 1725 hujus
839 1692 912 1716 avus
940 1684 1065 1716 nostros
1089 1683 1257 1725 Dionysius
1285 1681 1391 1715 hostes

601 1733 680 1766 Cum
704 1734 869 1769 Casletano
896 1734 993 1768 milite
1019 1744 1100 1780 saepe
1125 1745 1201 1768 suo:

555 1785 647 1819 Haud
669 1786 700 1819 in
724 1785 858 1820 Flandra
882 1787 983 1821 minus
1011 1787 1095 1821 venit
1119 1791 1151 1821 et
1178 1787 1373 1821 Moscronius
1397 1797 1452 1820 ora

598 1838 660 1872 Sed
682 1850 736 1873 sua
763 1843 922 1885 perpetuae
944 1840 1071 1885 praemia
1098 1839 1195 1874 laudis
1220 1839 1332 1881 habet3

552 1893 633 1925 Nam
660 1896 750 1937 pater
778 1893 928 1927 excelsam
952 1892 1102 1927 decorans
1131 1893 1285 1926 Antonius
1313 1891 1413 1925 aulam

599 1947 727 1980 Caesaris
751 1947 903 1991 Augusti,
930 1946 1085 1992 splenduit
1112 1946 1192 1979 altus
1218 1957 1329 1990 eques,

551 2001 607 2033 Cui
636 1999 709 2032 dum
739 2000 918 2033 Pannonico
947 2010 1018 2034 cum
1047 2000 1168 2032 Caesare
1196 1999 1307 2033 militat
1334 1998 1410 2031 orbe

598 2055 640 2087 Et
667 2052 742 2087 fusis
769 2053 880 2086 Turcis
906 2051 978 2085 inde
1004 2051 1106 2085 redire
1137 2051 1238 2096 cupit,

552 2105 664 2139 Incidit
685 2106 717 2139 in
740 2104 884 2138 morbum
912 2105 961 2138 cui
988 2114 1072 2138 mors
1097 2113 1161 2137 non
1188 2104 1291 2147 segnis
1318 2103 1429 2136 oborta

596 2159 739 2203 Implevit
767 2167 904 2191 summos
932 2168 1009 2191 saeva
1033 2156 1140 2190 dolore
1166 2156 1271 2198 vir0s;

551 2212 608 2245 Hic
633 2213 871 2245 Curtracensem
895 2213 1063 2255 praeturam
1086 2209 1198 2254 gessit,
1229 2208 1371 2252 idemque

595 2265 664 2297 Jam
694 2263 856 2298 Fernande
879 2264 962 2309 capis
989 2265 1110 2297 Caesare
1132 2262 1225 2296 dante
1252 2262 1364 2303 decus;

548 2318 589 2349 Et
611 2317 819 2351 lustratricem
846 2317 1008 2363 quisquam
1035 2317 1061 2350 si
1088 2326 1180 2349 nosse
1206 2315 1329 2350 laborat

594 2371 746 2415 R'Iargaris
773 2382 790 2405 a
815 2372 916 2405 Busco
942 2368 1101 2416 splendida
1128 2380 1242 2403 nomen
1269 2370 1379 2409 habet,
