2372 3082
140 336 1093 392 &EQ--fflffl
1152 362 1234 366 ---
1237 363 1472 369 *************
1475 342 1999 405 *a———Q'Q

139 392 194 601 ᾗῇ

1943 371 1966 391 χ

1943 414 1949 421 ι

1943 412 1959 454 Q

374 571 656 612 Cancellarius
683 576 772 610 erat
801 572 973 611 antistes
999 571 1185 610 ecclesiae
1210 572 1292 611 divi
1321 571 1763 627 Donatiani-Brugen-
1944 396 1998 603 βξ

374 637 448 686 sis,
483 636 680 689 Magister
709 636 897 689 equitum
928 634 1150 688 praefectus
1181 635 1429 685 insulensis,
1471 635 1763 678 Cubicularius

373 700 594 756 praefectus
625 700 995 755 Aldenburgensis,
1036 700 1170 739 Fuere
1201 707 1242 739 et
1272 700 1525 754 Mai-escalli,
1564 701 1646 741 hoe
1680 708 1760 753 est,
1968 606 1973 779 Ι

372 765 549 805 Tribuni
579 765 759 804 militum
789 766 895 815 duo,
935 765 1042 804 alter
1072 762 1398 802 Aldenardensis
1421 777 1470 802 ex
1491 769 1615 817 gente
1636 764 1766 805 Vich-

374 838 492 881 tana,
532 831 757 870 Furnensis
804 831 911 871 alter
957 845 1006 870 ex
1044 830 1167 869 domo
1208 829 1442 869 Baliolana.
1493 830 1764 872 Vieecornites

373 902 512 936 autem
543 894 794 945 Gandensis,
819 896 1066 950 HyprensiS‚
1101 895 1347 946 Furnensis,
1384 894 1628 947 Alostanus,
1652 897 1763 937 Har-

372 961 593 1000 lebecanns
606 991 616 1009 ,
641 974 690 999 ac
710 961 814 1000 tales
844 961 1016 1014 quidam
1044 960 1136 1009 alii,
1167 959 1277 1014 juris
1309 966 1429 999 erant
1454 960 1702 1014 interpretes
1723 968 1764 1002 et

373 1024 621 1064 Cancellarii
657 1037 873 1061 assessores
884 1053 894 1071 ,
934 1024 1076 1076 legum
1113 1025 1327 1077 praesidia,
1372 1039 1421 1063 ac
1455 1026 1572 1064 velut
1617 1040 1763 1067 nomo-

370 1090 567 1143 phylaees
611 1088 800 1127 omnium
853 1088 1109 1127 muletarum
1159 1101 1208 1127 ac
1258 1102 1399 1128 rerum
1451 1089 1763 1131 commissarum

370 1153 609 1207 participes.
657 1151 816 1190 Habuit
849 1157 892 1190 et
928 1151 1130 1193 Flandria
1163 1169 1255 1194 suos
1292 1154 1512 1195 duodecim
1555 1155 1682 1195 Pares
1720 1157 1764 1196 id

370 1219 483 1272 quod
518 1233 567 1257 ex
600 1218 702 1258 actis
736 1217 911 1257 Roberti
942 1217 1064 1257 Frisii
1096 1220 1334 1274 posterioris
1364 1221 1462 1259 satis
1492 1221 1539 1259 fit
1564 1221 1759 1275 planum,

370 1284 443 1324 ubi
467 1285 715 1324 mandatum
741 1289 801 1322 est
822 1283 1035 1322 memoriae
1062 1283 1333 1338 Arnulphum
1361 1285 1591 1325 Ardensem
1621 1286 1761 1327 Comi-

369 1355 454 1389 tem
489 1349 595 1389 Fani
625 1349 747 1388 Pauli
776 1347 1036 1401 adscriptum
1074 1362 1158 1388 esse
1198 1349 1251 1388 ab
1288 1349 1420 1390 Frisio
1457 1352 1502 1391 in
1538 1366 1761 1393 numerum

370 1415 589 1455 duodecim
634 1413 805 1454 Parium
854 1414 1081 1454 Flandriae.
1133 1415 1193 1454 De
1230 1414 1392 1470 judicio
1437 1418 1538 1457 item
1589 1417 1760 1458 Parium

369 1480 581 1519 Flandriae
610 1480 766 1519 mentio
800 1479 847 1518 fit
867 1480 912 1518 in
932 1480 1018 1520 vita
1039 1478 1177 1519 Caroli
1198 1480 1319 1520 Boni.
1352 1481 1534 1521 Miminit
1555 1489 1761 1536 praeterea

369 1546 420 1584 de
450 1547 594 1584 eadem
625 1560 670 1584 re
699 1546 780 1584 suis
809 1545 853 1583 in
884 1544 1228 1584 annotationibus
1260 1545 1304 1583 in
1336 1545 1569 1584 Pandectas
1599 1545 1762 1587 Guilel-

369 1625 460 1650 mus
495 1609 673 1649 Budaeus
702 1611 766 1650 vir
796 1611 909 1650 omni
942 1610 1187 1650 eruditionis
1225 1624 1375 1664 genere
1410 1612 1542 1651 multo
1575 1613 1759 1654 celeber-

370 1677 512 1716 rimus.
547 1676 619 1715 His
654 1676 812 1715 recenti
848 1676 1048 1715 memoria
1086 1676 1306 1730 Philippus
1345 1676 1590 1731 Burgundio
1629 1680 1758 1720 vellus

370 1755 541 1780 aureum
592 1741 755 1793 insigne
799 1741 985 1790 addidit,
1035 1739 1268 1794 fratresque
1312 1742 1555 1795 amplissimi
1601 1744 1757 1783 ordinis

370 1806 610 1860 appellavit.
645 1806 796 1846 Omnes
817 1819 891 1844 sua
912 1807 956 1845 in
982 1805 1141 1844 ditione
1165 1808 1206 1842 et
1235 1805 1361 1843 sumit
1380 1819 1455 1858 per
1476 1819 1517 1843 se
1539 1804 1684 1845 Comes
1716 1813 1758 1846 et

369 1871 544 1910 remittit
592 1884 752 1924 poenas.
798 1870 1013 1909 Exercitus
1064 1868 1312 1917 conscribit,
1361 1868 1545 1908 delectus
1596 1870 1753 1921 habet,

368 1935 616 1974 indictiones
639 1966 651 1984 ‚
708 1934 1024 1987 oblationesque
1083 1933 1164 1972 suis
1228 1934 1407 1987 imperat
1464 1935 1753 1989 popularibus.

370 1998 522 2039 Omnia
553 1999 681 2038 libere
715 1999 759 2038 in
794 2012 950 2038 morem
982 1998 1147 2051 Regum
1178 1998 1266 2036 obit
1298 1998 1559 2053 principatus
1592 2001 1752 2040 munia.

368 2062 504 2102 Dandi
536 2063 754 2116 privilegia
775 2069 816 2102 et
836 2062 1145 2111 immunitates,
1170 2070 1260 2102 tum
1284 2064 1465 2103 ecclesiis
1496 2071 1586 2103 tum
1608 2066 1757 2105 civita-

368 2126 498 2176 tibus,
525 2140 573 2166 ae
595 2127 868 2180 praefeeturis.
903 2126 1092 2165 Cudendi
1115 2127 1214 2165 item
1239 2132 1451 2166 monetam
1472 2134 1559 2167 tam
1584 2142 1756 2170 auream

367 2206 493 2246 quam
517 2197 760 2245 argenteam
782 2190 1035 2246 quantilibet
1061 2190 1274 2244 ponderis,
1299 2191 1444 2245 illique
1466 2192 1755 2233 conformandi

367 2257 573 2297 numisma
587 2258 749 2311 regium
765 2257 940 2296 liberam
958 2269 1118 2309 semper
1134 2261 1174 2294 ct
1190 2255 1424 2295 absolutam
1440 2256 1591 2296 habuit
1615 2264 1754 2312 potes-

366 2327 509 2360 tatem.
547 2323 637 2362 Rex
660 2322 843 2361 Francus
860 2333 1080 2374 nunquam
1101 2319 1143 2358 in
1167 2319 1367 2358 Flandria
1387 2320 1494 2360 utin
1519 2321 1610 2360 aliis
1635 2323 1753 2376 regni
1916 2357 1920 2362 .
1954 2299 1958 2411 l

367 2387 588 2440 provinciis
620 2401 810 2441 supremo
837 2401 909 2427 suo
939 2386 1020 2436 frui
1053 2385 1191 2439 potuit
1213 2384 1391 2440 judicio.
1427 2386 1556 2441 Leges
1589 2386 1677 2442 ejus
1712 2393 1754 2427 et

2312 0 2372 71 Q
