2372 3082
399 328 2248 393 ff———ss———mff———QWQQZ

627 566 704 604 tim
740 578 836 603 cum
871 569 913 602 et
947 562 1135 603 Grudam
1169 569 1211 603 et
1247 562 1516 603 Grudhusam
1546 561 1734 601 habeant
1769 561 2025 616 Brugenses,

627 630 708 670 hoc
736 629 909 669 illustris
930 628 1117 680 familiae,
1142 630 1248 669 illud
1269 629 1367 684 pagi
1388 641 1558 667 nomen.
1594 626 1770 665 Flandri
1801 628 2027 668 vernaculo

627 710 815 736 sermone
850 695 1052 750 oppidum
1088 696 1190 736 Port
1226 695 1461 749 antiquitus
1497 692 1763 741 vocitabant,
1808 706 1857 731 ac
1897 694 2028 734 civem

626 761 754 800 etiam
788 774 904 800 nunc
937 759 1099 800 Porter.
1139 761 1249 800 Hinc
1283 761 1458 815 legimus
1504 761 1549 798 in
1593 757 1804 798 memoriis
1841 758 2028 811 antiquis

624 826 831 880 Brudgias
851 832 1019 880 portum
1038 857 1048 876 ,
1077 825 1271 866 Gandam
1292 832 1460 881 portum
1484 831 1526 865 et
1545 825 1706 865 Novum
1723 829 1892 877 portum
1911 855 1922 874 ‚
1949 823 2029 864 hoc

624 897 686 931 est
705 906 859 931 novum
880 892 1101 946 oppidum,
1126 907 1223 947 quae
1253 893 1423 948 quidem
1445 892 1498 932 ab
1520 890 1726 946 portubus
1757 890 1883 929 maris
1908 889 2025 930 dicta

623 954 727 994 falso
750 955 993 1009 opinantur.
1019 955 1120 996 Haee
1148 957 1246 997 urbs
1275 957 1459 998 lanificio
1491 958 1619 998 etiam
1651 970 1766 996 nunc
1793 961 1834 995 et
1866 969 2028 995 merca-

624 1025 763 1059 torum
798 1019 1038 1073 frequentia
1074 1021 1245 1073 nobilis,
1280 1036 1417 1077 nuper
1449 1028 1619 1076 patrum
1651 1021 1854 1060 memoria
1884 1034 2029 1074 empo-

622 1084 733 1123 rium
754 1083 834 1123 fuit
864 1084 991 1123 totius
1011 1084 1193 1140 Europae
1214 1087 1346 1127 multo
1371 1087 1689 1128 celeberrimum
1708 1086 1783 1125 abs
1801 1085 2022 1134 Teutonis,

623 1155 664 1189 et
700 1150 1021 1190 Slesvicensibus
1050 1165 1154 1205 quos
1184 1159 1336 1193 vocant
1365 1153 1621 1202 Orientales,
1654 1151 1855 1206 Hispanis
1887 1150 2027 1190 varia—

622 1229 717 1254 rum
733 1215 922 1268 gentium
943 1230 1094 1269 nempe
1115 1215 1375 1268 castellanis,
1399 1218 1633 1267 Lusitanis,
1662 1215 2022 1270 Aragonensibus,

622 1284 713 1318 tum
762 1278 911 1329 scotis,
950 1279 1144 1331 Francis,
1182 1278 1351 1335 Anglis,
1391 1284 1584 1333 Venetis,
1625 1282 1901 1329 Florentinis,
1943 1280 2027 1320 Ge-

622 1345 870 1395 nusnsibus,
903 1345 1305 1397 Mediolanensibus,
1337 1347 1657 1397 Leodiensibus,
1699 1346 1878 1400 aliisque
1916 1359 2026 1384 mer-

622 1416 811 1450 catorum
832 1411 1074 1451 nationibus
1099 1412 1221 1466 longe
1237 1414 1369 1467 magis
1393 1419 1521 1468 atque
1546 1427 1660 1452 nunc
1686 1410 2020 1465 frequentatum.

623 1473 720 1514 Bini
755 1474 836 1514 hic
861 1481 1060 1515 creantur
1094 1490 1239 1516 annua
1271 1484 1476 1532 potestate
1511 1477 1802 1531 MagistratuS,
1843 1490 2025 1530 quorum

624 1539 802 1578 alterum
871 1540 1090 1594 appellant
1148 1540 1527 1596 Burgimagistrum
1582 1542 1782 1589 Senatus,
1842 1540 2024 1579 alterum

622 1603 1000 1659 Burgimagistrum
1038 1605 1320 1645 multitudinis
1365 1608 1446 1647 hoc
1492 1613 1553 1646 est
1599 1606 1817 1646 tribunum
1857 1605 2022 1659 plaebis.

622 1668 829 1710 Crcantur
865 1676 906 1710 et
942 1671 1162 1711 Senatores
1191 1686 1263 1711 seu
1293 1671 1432 1711 selecti
1454 1669 1617 1726 judices
1640 1669 1857 1709 duodecim
1874 1700 1884 1717 ‚
1912 1668 2026 1722 iique

622 1733 798 1773 totidem
838 1735 917 1775 sibi
966 1736 1113 1790 legunt
1156 1741 1362 1790 tanquam
1413 1734 1696 1774 Consiliarios.
1746 1732 2026 1772 Distribuitur

623 1801 756 1839 omnis
797 1801 941 1840 civitas
971 1802 1015 1840 in
1051 1802 1240 1854 regiones
1276 1815 1363 1850 sex,
1397 1801 1491 1840 Divi
1523 1800 1721 1849 Joannis,
1763 1798 1846 1838 divi
1884 1798 2026 1837 Dona-

621 1866 747 1916 tiani,
771 1866 907 1906 beatae
929 1867 1091 1917 Mariae,
1127 1867 1211 1907 divi
1231 1865 1399 1913 Jacobi‚
1428 1864 1513 1903 divi
1536 1863 1715 1910 Nicolai,
1753 1868 1793 1899 et
1821 1861 2025 1900 Carmeli-

620 1936 778 1981 tarum,
805 1932 956 1985 quibus
977 1933 1150 1986 singulis
1171 1932 1233 1972 sui
1255 1930 1547 1986 praeficiuntur
1571 1926 1756 1976 tribuni,
1784 1926 2022 1966 hooftmani

621 1995 835 2048 gentiliter
854 1996 977 2045 dicti,
1007 1997 1080 2050 qui
1106 2011 1191 2036 una
1220 2010 1316 2035 cum
1341 1993 1436 2042 LII,
1469 1991 1746 2031 artificiorum
1776 2004 1847 2029 seu
1879 2003 2023 2043 quaes-

620 2066 741 2099 tuum
772 2061 1006 2111 decarchis,
1030 2062 1223 2101 omnibus
1243 2058 1505 2113 Reipublicae
1530 2057 1787 2097 adhibentur
1816 2055 2015 2095 consiliis.

620 2124 717 2164 Bini
748 2130 845 2164 sunt
880 2131 921 2164 et
960 2125 1030 2164 hic
1067 2126 1253 2180 Principi
1298 2131 1514 2180 praetores,
1566 2123 1763 2163 Urbanus
1811 2122 2020 2161 Scultetus

620 2189 744 2243 vulgo
774 2189 907 2228 dictus
933 2195 975 2228 et
1004 2190 1273 2242 Peregrinus,
1309 2190 1382 2244 qui
1415 2190 1528 2244 apud
1569 2189 1853 2228 Franconates
1889 2187 2019 2227 socios

415 2164 422 2408 ι
623 2254 902 2307 Brugensium
919 2254 990 2310 jus
1011 2254 1113 2294 dicit
1131 2256 1270 2310 patria
1290 2256 1435 2308 lingua
1464 2253 1664 2294 Ballivus.

683 2320 958 2373 Brugensium
995 2320 1164 2374 insuper
1199 2321 1370 2360 clientes
1399 2334 1469 2359 seu
1506 2319 1606 2358 socii
1636 2323 1734 2358 sunt
1770 2317 2014 2366 Damenses,

411 2411 429 2538 g
625 2384 835 2436 Houcani,
872 2384 1188 2435 Monacharedi,
1229 2384 1423 2435 Mudani,
1464 2383 1658 2434 clusani,
1701 2381 2013 2434 Blancobergii,
