2372 3082
605 559 861 607 sanctiones,
889 558 1134 612 diplomata,
1161 556 1264 596 item
1286 555 1435 608 gratiae
1456 554 1601 608 qualia
1621 554 1766 608 qualia
1795 554 1880 594 sint
1903 554 2002 595 nul-

604 628 694 668 lum
725 626 768 665 in
799 624 1004 665 Flandria
1031 623 1194 664 habent
1222 622 1376 662 locum.
1412 619 1538 660 Nulla
1559 617 1648 674 ejus
1663 617 1878 674 judicibus
1899 634 2003 662 neve

603 707 680 749 per
709 691 1054 746 praeventionem,
1078 703 1182 729 neve
1213 687 1336 728 modo
1368 685 1514 739 quovis
1546 684 1628 724 alio
1658 684 1903 725 conceditur
1930 685 2003 725 hic

597 757 852 815 jurisdictio.
886 755 1055 795 Moneta
1084 753 1174 810 ejus
1206 767 1293 792 non
1322 751 1525 805 recipitur
1553 750 1634 789 nisi
1654 749 1920 790 conformata
1949 764 2000 790 ac

602 824 780 865 reducta
799 823 854 862 ad
879 827 1093 861 monetam
1120 821 1151 860 F
1155 818 1406 860 landricam.
1440 817 1528 856 Hoc
1557 816 1700 856 saeculi
1727 816 1860 856 nostri
1890 830 2003 856 anno

602 889 742 939 XXX,
767 894 937 929 moneta
954 887 1083 942 Regis
1105 885 1259 927 Franci
1282 888 1483 938 argentea
1505 882 1709 921 damnata
1728 887 1790 921 est
1805 881 1851 920 in
1873 880 2004 921 Flan-

606 956 707 996 driis
723 955 778 995 ad
794 954 987 1004 fornices,
1001 959 1225 1008 propterea
1234 950 1348 1005 quod
1364 948 1559 1004 ponderis
1578 953 1684 987 esset
1696 943 1869 988 minime
1880 945 2002 1003 justi,

602 1020 774 1075 qualern
800 1020 965 1059 utinam
986 1024 1028 1057 et
1048 1018 1209 1057 nullam
1230 1015 1483 1055 haberemus
1505 1013 1791 1052 domesticam.
1817 1012 1906 1052 Hoc
1928 1026 2006 1053 no-

604 1087 718 1126 mine
748 1084 964 1124 laudanda
991 1082 1147 1136 Anglia
1160 1113 1171 1132 ,
1196 1080 1308 1120 unde
1329 1079 1444 1120 venit
1466 1077 1646 1132 pecunia
1665 1077 1793 1131 longe
1815 1077 2002 1130 probior.

604 1149 839 1202 Vectigalia
858 1148 1098 1188 communia
1112 1161 1187 1200 per
1203 1145 1390 1186 civitates
1412 1141 1608 1196 imposita
1629 1146 1676 1180 ut
1692 1141 1882 1189 decimae,
1903 1140 2008 1181 vice-

605 1216 741 1264 simae,
767 1214 1089 1265 centesimaeque
1109 1225 1196 1252 non
1217 1209 1492 1263 porriguntur
1509 1207 1554 1245 in
1571 1205 1807 1246 Flandrias.
1829 1205 2009 1257 Regalia

605 1295 775 1335 quoque
806 1280 933 1334 Regis
963 1293 1049 1319 non
1079 1275 1356 1318 admittimus.
1391 1270 1580 1312 Ecclesia
1609 1269 1838 1309 Flandrica
1873 1269 2008 1308 libera

605 1352 667 1387 est
698 1353 739 1386 et
771 1347 833 1385 sui
858 1345 989 1401 juris,
1023 1344 1273 1397 neutiquam
1305 1338 1496 1394 subjecta
1531 1337 1717 1377 ecclesiae
1754 1335 2003 1375 Gallicanae.

606 1411 874 1452 Sanctionem
923 1411 1142 1451 Gallorum
1189 1403 1497 1462 pragmaticam
1547 1416 1597 1441 ac
1645 1401 2007 1441 denominationes

606 1476 858 1517 Parisienses
893 1476 1065 1516 minime
1095 1472 1374 1528 agnoscimus.
1415 1467 1583 1507 Judicia
1618 1472 1895 1505 exercuerunt
1925 1465 2008 1506 Co-

606 1543 727 1581 mites
759 1542 813 1581 al)
849 1540 970 1580 initio
1001 1553 1078 1594 per
1108 1542 1245 1578 aresta
1274 1550 1324 1575 ac
1355 1536 1443 1574 sine
1473 1534 1770 1587 provocatione
1800 1547 1875 1586 per
1906 1546 2008 1571 con-

608 1607 745 1647 clavia
765 1620 870 1660 quas
893 1605 1088 1645 Cameras
1109 1616 1202 1643 suas
1231 1605 1383 1641 vocant
1412 1598 1610 1651 Legalem
1632 1603 1673 1636 et
1693 1597 2004 1637 Rationariam.

607 1672 774 1726 Legalis
805 1684 972 1710 camera
1002 1668 1174 1709 decuria
1207 1667 1298 1705 erat
1321 1665 1516 1721 judicum
1558 1677 1607 1703 ac
1642 1662 2009 1702 beneficiariorum

611 1737 807 1787 Comitis,
847 1742 1008 1791 quanto
1041 1734 1120 1789 ipsi
1151 1731 1349 1787 placebat
1383 1743 1581 1779 numero,
1622 1728 1697 1781 qui
1732 1728 1783 1767 de
1814 1728 2007 1769 omnibus

613 1802 922 1855 cognoscebant
965 1799 1098 1839 causis
1151 1796 1231 1835 nisi
1276 1795 1325 1833 iis
1372 1808 1468 1847 quae
1514 1792 1722 1846 Principis
1774 1792 2008 1846 tangebant

613 1866 896 1922 majestatem,
929 1864 1181 1921 praesidente
1211 1860 1278 1901 vel
1306 1861 1395 1915 ipso
1426 1858 1587 1899 Comite
1618 1859 1683 1898 vel
1711 1858 1799 1913 ejus
1830 1859 2008 1899 Cancel-

556 1986 561 1988 .
611 1933 717 1973 lario
753 1934 818 1974 vel
853 1933 1044 1986 principe
1081 1928 1258 1970 Concilii
1289 1925 1464 1980 publici.
1498 1923 1676 1964 Camera
1706 1928 1846 1963 autem
1877 1924 2008 1962 ratio-

612 2000 734 2039 naria
750 1998 878 2038 Curia
892 1997 1193 2037 beneficiorum
1208 1991 1432 2045 Principis,
1453 2004 1557 2044 quos
1578 2003 1750 2043 magnos
1776 1990 2006 2030 vocitamus

613 2065 863 2105 rationarios
882 2078 951 2102 seu
973 2062 1191 2116 praefectos
1211 2057 1548 2106 ratiociniorum,
1569 2069 1750 2110 quorum
1767 2056 1816 2095 de
1834 2070 2008 2096 numero

614 2133 690 2171 lios
736 2131 957 2185 optimates
1006 2125 1401 2168 Assenbroclianum
1414 2154 1425 2174 ,
1475 2122 1831 2176 Medioburgium,
1880 2122 2009 2161 Fani-

616 2197 892 2252 AldegondiS,
917 2194 1290 2241 Basseveldanum,
1324 2189 1457 2243 Spirae
1488 2193 1536 2227 ut
1566 2192 1720 2227 vocant
1748 2186 2011 2239 Rupleinon-

617 2265 761 2312 danae,
801 2263 934 2317 Spirae
969 2259 1205 2301 Gandensis
1215 2290 1226 2309 ,
1265 2254 1600 2311 Hyprensisque,
1639 2257 1681 2290 et
1720 2251 2011 2291 Dixmudensis

615 2327 740 2366 fuisse
756 2327 934 2381 reperio.
958 2326 1011 2365 Hi
1028 2338 1054 2364 a
1069 2329 1234 2379 pretore
1250 2321 1384 2362 coacti
1400 2319 1623 2373 rogatique
1643 2323 1836 2357 statuunt
1852 2318 1903 2357 de
1919 2331 2008 2357 om-

617 2394 740 2434 nihus
762 2391 1050 2433 controversiis
1071 2388 1373 2430 obventionum
1400 2399 1449 2426 ac
1476 2383 1746 2438 vectigalium
1776 2383 2003 2437 Principis,
