2372 3082
372 318 647 371 §Q'Jst-fs
1197 333 1290 370 -—.(
1297 332 1306 360 1
1313 332 1340 361 0*
1972 316 2236 357 α-ἓκῗρὴξ

374 357 428 384 ,OQP
433 348 500 371 &RQ
1332 353 1340 369 l
2036 340 2200 381 &7513
2204 350 2237 388 ἕξ

398 386 403 388 “
2183 379 2237 414 ffb

610 555 694 595 divi
738 552 955 609 cujusdam
1001 554 1031 593 F
1033 553 1230 593 lamberti
1273 551 1484 592 celebrare
1528 551 1693 591 dicatur
1733 552 2000 602 memoriam,

611 621 808 674 famaque
843 620 986 660 tradat
1021 620 1241 659 Flandrias
1282 618 1381 666 olim
1427 617 1503 657 sub
1548 616 1706 656 ditione
1745 617 2005 671 imperioque

609 684 733 725 fuisse
768 683 1089 724 Ambianorum.
1129 684 1276 724 Refert
1311 684 1493 723 Joannes
1533 682 1773 721 Placentius
1807 683 1852 721 in
1891 689 2007 722 cata-

609 751 704 804 logo
749 749 1049 804 Episcoporum
1094 749 1404 802 Tungrensium
1422 781 1433 799 ,
1482 753 1651 797 coacto,
1707 747 1851 788 salutis
1896 762 2007 788 anno

611 813 747 854 CCCC
791 813 991 859 XCVIII,
1036 812 1255 852 Aureliani
1293 816 1582 869 episcoporum
1621 814 1822 863 concilio,
1848 813 2008 853 divum

613 879 882 933 Agricolaum
911 879 1042 919 filium
1072 879 1262 918 Custodis
1289 879 1503 919 Flandriae
1529 893 1577 918 ex
1601 877 1688 917 filia
1708 878 1816 932 regis
1838 877 2011 917 Britan-

611 946 709 996 niae,
730 945 781 984 de
797 945 1004 984 sententia
1023 945 1107 985 divi
1125 945 1325 998 Remigii,
1346 958 1395 984 ao
1412 943 1607 983 Clodovei
1624 942 1883 982 Francorum
1903 942 2012 995 regis

612 1017 801 1050 creatum
844 1011 1085 1065 episcopum
1124 1010 1390 1064 Tungrorum
1418 1039 1429 1058 ,
1480 1021 1657 1061 eamque
1701 1007 2012 1046 administrasse

613 1078 828 1117 ecclesiam
859 1077 1121 1131 undeviginti
1151 1091 1225 1130 per
1255 1088 1400 1115 annos.

674 1140 799 1181 Anno
821 1141 874 1180 ab
894 1141 994 1180 orbe
1010 1141 1226 1194 redempto
1246 1140 1283 1180 D
1300 1140 1379 1188 IX,
1402 1139 1662 1178 Francorum
1686 1151 1756 1176 rex
1782 1135 2012 1176 Clodoveus

613 1206 904 1260 Raganarium
935 1205 1216 1244 Flanclrorum
1243 1205 1479 1258 principem
1507 1203 1538 1242 F
1543 1203 1754 1242 landberti
1785 1202 1942 1251 filium,
1968 1202 2013 1240 in

613 1269 833 1309 Ambianis
864 1270 997 1309 occidi
1023 1268 1169 1324 jussit,
1204 1269 1370 1309 necavit
1403 1274 1445 1307 et
1471 1266 1559 1323 ejus
1586 1266 1735 1305 fratres
1765 1265 2015 1305 Richarium

614 1341 656 1375 et
690 1335 1004 1388 Lingomirum,
1030 1334 1273 1375 Cararicum
1314 1333 1414 1372 item
1450 1331 1645 1384 regulum
1681 1336 1722 1369 et
1758 1328 1847 1385 ejus
1881 1329 2016 1368 filium

615 1416 710 1441 cum
731 1401 824 1440 aliis
845 1401 986 1440 multis
1013 1401 1076 1440 sui
1098 1400 1312 1453 sanguinis
1324 1429 1334 1447 ,
1358 1404 1407 1437 ut
1433 1398 1542 1437 solus
1568 1401 1763 1449 regnaret
1784 1395 1828 1433 in
1851 1393 2012 1433 Galliis.

614 1466 674 1505 De
704 1465 891 1507 Flandro
920 1465 1118 1504 authores
1144 1464 1281 1504 habeo
1306 1463 1550 1502 Flandrioos
1578 1461 1816 1510 historicos,
1847 1460 1897 1499 de
1926 1459 2018 1499 aliis

615 1530 863 1584 Gregorium
894 1531 1200 1581 Turonensem,
1234 1544 1284 1569 ac
1314 1528 1521 1568 Joannem
1546 1527 1810 1566 Tritemium.
1848 1525 1896 1564 In
1931 1525 2020 1564 vita

616 1597 699 1638 divi
715 1596 907 1636 Richarii
923 1597 1062 1636 videas
1078 1597 1190 1646 licet,
1211 1594 1500 1649 Raganarium
1519 1607 1568 1632 ac
1584 1592 1848 1642 Ricliarium,
1869 1590 2018 1630 fratres

615 1662 809 1703 Clodovei
829 1663 937 1715 regis
958 1676 1033 1716 per
1053 1668 1230 1716 patrem,
1251 1661 1517 1716 persistentes
1539 1660 1584 1698 in
1605 1658 1842 1697 idololatria
1867 1657 2019 1696 Clodo-

614 1742 691 1768 veo
719 1727 961 1775 rebellasse,
987 1725 1282 1775 Cameracum,
1305 1725 1563 1775 Tornacum,
1589 1736 1639 1762 ac
1662 1735 1845 1776 quaeque
1865 1720 2018 1761 Rheno

616 1807 665 1832 ac
676 1793 884 1846 Sequanae
898 1790 1151 1846 interjacent
1166 1804 1403 1845 occupasse,
1419 1789 1711 1842 Raganarium
1729 1788 1856 1828 ducta
1872 1801 2015 1835 uxore,

617 1856 928 1910 Aquitanorum
967 1855 1168 1909 principis
1208 1855 1316 1905 filia,
1358 1855 1564 1910 dyadema
1604 1853 1854 1907 sumpsisse,
1893 1867 2022 1892 cona-

616 1927 792 1973 tumque
813 1919 1038 1973 Belgarum
1060 1933 1190 1973 regno
1216 1919 1470 1959 Clodoveum
1500 1931 1668 1967 exuere,
1702 1916 1863 1956 victum
1892 1916 1946 1955 ab
1973 1929 2021 1955 eo

558 1988 562 1990 ’
620 1992 747 2039 atque
763 1999 858 2024 cum
875 1985 1076 2024 Richario
1097 1984 1226 2024 fratre
1246 1983 1530 2024 interfectum.
1550 1982 1770 2022 Annonius
1787 1980 2020 2021 monachus

619 2049 735 2089 hunc
771 2063 856 2088 non
892 2048 1085 2097 fratrem,
1124 2049 1194 2088 secl
1229 2056 1424 2103 nepotem
1459 2050 1561 2090 facit
1600 2048 1821 2098 clodovei,
1864 2047 2020 2088 Paulus

619 2115 814 2155 AEmilius
839 2113 1149 2155 Cannacarium
1169 2121 1290 2155 vocat
1302 2146 1313 2165 ,
1338 2122 1380 2156 et
1401 2117 1652 2170 abnepotem
1677 2115 1785 2168 regis
1808 2113 2020 2154 Clodionis

620 2180 790 2230 Criniti,
826 2179 958 2218 nostri
979 2194 1075 2219 vero
1105 2180 1325 2234 scriptores
1356 2180 1541 2236 ejusdem
1567 2179 1720 2220 Criniti
1744 2183 2019 2233 pronepotem

622 2259 672 2285 ac
700 2245 834 2284 filium
865 2244 1109 2285 Flandberti
1139 2244 1290 2285 Criniti
1320 2259 1370 2284 ex
1400 2259 1538 2285 sorore
1566 2243 1743 2298 nepotis.

682 2310 807 2350 Anno
842 2311 1176 2365 quingentesimo
1212 2311 1516 2365 septuagesimo
1551 2316 1719 2360 octavo,
1759 2309 2019 2364 Chilpericus

623 2377 882 2417 Francorum
914 2391 985 2417 rex
1015 2376 1214 2416 liberatus
1238 2376 1493 2417 Tornacensi
1514 2375 1728 2416 obsidione
1750 2374 2018 2416 Flandricam
