2372 3082
700 353 1185 361 ψῂἫ
1223 343 1304 382 (133)
1348 358 1352 359 ν
1926 335 2192 402 &Q

837 561 881 593 At
906 561 1003 594 mittit
1027 561 1103 595 mihi
1132 562 1228 607 Belga
1253 562 1426 598 bellulanos

836 613 949 657 Pingui
972 613 1052 647 lacte
1079 613 1175 648 boum
1202 616 1401 660 coagulatos,

832 665 949 699 Dulces
961 692 969 706 ‚
998 666 1228 712 oppiparosque
1240 694 1249 710 ,
1277 668 1519 714 eommodosque
1531 696 1538 709 ‚

833 718 1088 764 Foecundosque‚
1120 731 1297 765 novosque,
1326 723 1532 768 scitulosque‚

831 771 1063 816 Praelotosque‚
1093 773 1285 817 brevesque,
1313 779 1532 820 musteosque,

833 826 955 869 Regum
983 825 1100 860 fercula
1128 826 1257 860 delicata
1281 839 1429 873 prorsus,

833 878 909 919 Quae
936 877 1064 912 bellaria
1092 890 1199 912 mensa
1228 879 1324 913 habet
1346 880 1481 914 secunda

836 931 892 964 His
919 943 997 977 quos
1023 931 1138 966 delieiae
1158 933 1268 977 juvant
1297 933 1456 973 ciborum,

833 984 924 1017 Lauti
946 983 1030 1028 quod
1058 984 1211 1018 stomachi
1241 985 1339 1019 citent
1366 987 1483 1019 orexim

831 1038 964 1070 Mittunt
990 1042 1022 1070 et
1047 1038 1170 1082 sapidos
1198 1037 1415 1070 Berthunjani.

834 1091 982 1125 Gustabis
1003 1102 1145 1136 quoque,
1178 1090 1302 1136 quando
1328 1101 1384 1123 nos
1417 1091 1551 1129 revises,

834 1145 936 1186 Quam
965 1146 1096 1189 pingues
1122 1144 1298 1189 nitidosque
1325 1144 1429 1176 mittat
1455 1143 1495 1176 ad
1523 1155 1572 1176 me

832 1200 874 1231 Et
898 1200 1069 1232 Furnensis
1096 1210 1190 1244 ager,
1223 1198 1323 1231 solum
1347 1201 1533 1241 paternum,

833 1253 874 1284 Et
896 1252 1052 1286 Dixmuda
1079 1252 1165 1286 ferax
1192 1251 1249 1285 tibi
1276 1251 1471 1296 propinqua,

831 1306 997 1339 Formatos
1020 1306 1122 1340 ovium
1144 1308 1270 1339 recente
1293 1304 1393 1342 lacte,

832 1357 946 1398 Quales
973 1357 1056 1392 haud
1080 1359 1217 1403 locuples
1246 1357 1342 1391 habet
1370 1358 1539 1391 Britannus

830 1409 959 1442 Velabri
985 1411 1098 1444 similes
1126 1410 1214 1444 focus
1238 1422 1295 1445 nec
1319 1412 1393 1445 olim

824 1463 990 1505 ‘Formavit
1017 1463 1072 1496 tibi
1102 1463 1225 1497 Rhoma
1253 1465 1436 1509 septicollis,

832 1516 897 1547 Nec
925 1515 976 1558 qui
1005 1514 1043 1548 de
1068 1526 1164 1559 grege
1194 1527 1301 1550 caseus
1326 1519 1418 1551 coivit

833 1568 982 1606 Vestino,
1009 1569 1111 1613 sapuit
1128 1569 1226 1613 magis
1253 1568 1357 1613 palato

833 1621 894 1654 Sed
922 1632 979 1654 nec
1006 1622 1106 1666 gratia
1135 1626 1223 1655 tanta
1246 1623 1417 1657 trebulanae

834 1677 961 1714 Massae,
993 1680 1041 1709 est
1067 1675 1172 1710 addita
1200 1678 1351 1712 Martialis
1379 1689 1461 1717 aevo,

834 1730 899 1761 Neo
924 1728 1066 1772 jamnum
1095 1739 1219 1774 quoque
1246 1731 1342 1764 Cassii
1365 1735 1465 1776 poetae

834 1783 964 1815 Format
993 1783 1098 1816 Patria
1124 1785 1237 1816 Parma
1266 1783 1421 1822 cariores,

833 1835 893 1868 Sed
921 1836 1035 1869 multos
1065 1836 1196 1870 habeam
1223 1836 1295 1869 lieet
1317 1834 1480 1878 bonosque

832 1892 896 1922 Nec
922 1890 1036 1923 multos
1061 1891 1166 1924 videor
1193 1890 1330 1924 bonosve
1365 1887 1501 1927 habere,

835 1943 918 1976 Illius
950 1943 1023 1976 mihi
1053 1956 1146 1989 parva
1170 1945 1194 1977 si
1220 1947 1353 1987 negetur

798 2024 801 2028 ,
836 1995 900 2028 Abs
927 2000 957 2027 te
982 1997 1086 2039 portio
1111 1997 1191 2029 casei
1219 1995 1356 2029 Bathava

835 2049 936 2089 Quem
970 2048 1098 2081 missum
1131 2049 1258 2092 regione
1287 2047 1472 2081 disserebas.

384 2653 404 2671 AB!

780 2655 790 2657 <
