2372 3082
131 339 394 602 ᾗ

395 344 1683 384 μαψ

362 569 422 608 Ξῑῦ
445 567 706 606 nubilififiimnm
735 567 845 605 virum
871 565 1077 606 mannicum
1108 565 1356 604 „menevensem
1388 564 1560 614 {ptatuntte
1592 564 1732 603 hittonis

409 625 589 663 aluminum
618 624 752 661 umbem
783 633 902 660 eattae
934 622 1126 660 <itatem-eae
1158 621 1351 670 metretam
1384 621 1616 659 maniatium
1645 622 1732 660 attin

408 683 566 730 quaenam
589 682 792 730 gratiarum.

586 778 631 809 ET
659 775 683 808 si
708 785 766 819 pro
794 773 911 807 meritis
940 773 1032 806 heros
1058 771 1225 805 clarissime
1254 771 1347 804 tantis
1381 776 1384 779 '

587 829 701 861 Nostra
728 826 822 859 thalia
850 825 905 858 tibi
933 829 1065 869 nequeat
1090 825 1265 870 persolvere
1291 829 1414 870 grates,

588 883 659 914 Non
686 881 808 924 ingrata
836 883 941 911 tamen
963 879 1027 911 vult
1054 884 1107 911 aut
1130 879 1283 912 taciturna
1308 878 1400 912 videri

585 932 646 966 Sed
671 936 757 965 tanto
782 930 870 964 heroi
898 931 950 963 tali
977 931 1140 975 splendore
1169 944 1297 966 corusco

586 990 703 1021 Paucos
733 985 844 1018 heroos
873 985 986 1029 raptim
1014 985 1070 1018 tibi
1097 995 1234 1029 pangere
1261 995 1386 1017 versus:

586 1041 647 1081 Qui
671 1039 742 1071 licet
764 1040 795 1071 in
819 1040 937 1082 magnis
964 1038 1056 1071 rebus
1080 1039 1227 1077 versaris,
1260 1042 1290 1070 et
1318 1038 1370 1070 alti

587 1091 821 1135 Induperatoris
849 1102 913 1135 prae
942 1090 1020 1123 celsa
1044 1091 1171 1135 negocia
1197 1095 1332 1130 tractas,

588 1148 659 1179 Non
686 1150 789 1178 tamen
816 1144 971 1178 Aonidum
997 1145 1108 1189 linquis
1133 1144 1207 1177 vada
1234 1155 1319 1178 sacra
1347 1155 1510 1184 sororum⁷

585 1197 726 1231 Pallados
750 1202 803 1230 aut
829 1197 925 1230 doctae
953 1197 1114 1241 praeclaras
1138 1196 1252 1229 deseris
1278 1200 1380 1236 artes,

583 1251 761 1284 Authorum
789 1261 879 1283 omne
907 1260 1003 1293 genus
1030 1249 1165 1293 vigilanti
1192 1253 1318 1293 pectore
1345 1249 1455 1289 volvis,

587 1306 628 1337 Et
654 1304 714 1336 mel
739 1303 843 1337 cendit
869 1314 940 1348 apes
964 1303 1071 1347 priscis
1100 1315 1166 1348 quae
1188 1303 1268 1337 dicta
1296 1304 1411 1337 matina
1436 1309 1494 1337 est.

588 1360 633 1391 Te
659 1357 796 1402 phoebaea
825 1356 936 1390 cohors
961 1357 991 1389 in
1019 1358 1123 1390 caelum
1149 1357 1290 1391 subvehit
1318 1359 1416 1391 omnis

587 1413 734 1445 Historici
760 1422 830 1444 vere
859 1410 1016 1444 celebrant
1041 1410 1248 1455 decorantque
1277 1416 1392 1455 poetae,

587 1467 691 1510 Atque
715 1470 825 1498 vocant
854 1469 974 1509 patrem
1003 1467 1266 1506 mecoenatemque
1294 1463 1481 1506 benignum:

589 1519 637 1551 Tu
666 1519 758 1552 decus
785 1530 816 1552 es
844 1523 1003 1557 nostrum,
1036 1517 1176 1550 Flandrae
1202 1521 1236 1549 tu
1265 1516 1362 1560 gloria
1386 1521 1477 1549 terrae

588 1573 683 1617 Cujus
708 1578 837 1606 stemma
863 1577 959 1606 scatet
982 1576 1120 1605 veterum
1149 1568 1186 1601 de
1216 1569 1363 1613 sanguine
1392 1579 1519 1612 regum,

588 1627 855 1672 Flandrorumque
883 1627 1012 1665 dueum,
1044 1633 1213 1668 cognomen
1244 1623 1291 1656 cui
1319 1621 1402 1655 dedit
1428 1622 1561 1666 amplum

587 1681 708 1720 Patria,
740 1681 787 1714 cui
814 1682 910 1714 ‘virtus
936 1680 1082 1713 coelorum
1110 1678 1214 1710 limina
1242 1675 1368 1721 pandit:

588 1732 656 1773 Qua
684 1737 714 1765 te
741 1743 814 1765 voce
842 1743 947 1765 canam
976 1742 1036 1775 quo
1064 1736 1094 1764 te
1121 1735 1168 1764 sat
1196 1731 1330 1763 carmine
1353 1729 1473 1763 dicam?

589 1787 684 1830 Cujus
711 1786 852 1819 nobilitas
881 1787 923 1819 sic
948 1790 994 1818 cst
1016 1783 1181 1817 virtutibus
1209 1786 1298 1815 aucta

589 1839 639 1872 Sic
668 1839 755 1872 claris
780 1839 867 1872 factis
891 1843 993 1872 totum
1018 1840 1129 1871 testata
1157 1846 1213 1880 per
1242 1834 1370 1872 orbem,

590 1892 634 1924 Ut
659 1892 794 1935 quamvis
824 1891 931 1924 redeat
958 1901 1066 1934 regum
1092 1893 1232 1922 cantator
1256 1890 1411 1921 Homerus

590 1944 641 1977 Nil
668 1945 758 1976 etiam
784 1944 860 1976 tanti
888 1944 963 1976 vatis
990 1944 1142 1987 praeconia
1173 1946 1279 1976 curet:

591 1997 719 2030 Accedit
743 1997 867 2029 laudum
896 1996 1017 2029 cumulo
1045 1996 1127 2041 quod
1156 1997 1234 2029 filius
1260 2006 1383 2028 omnem

590 2050 748 2083 Virtutem
773 2048 887 2082 reserat
911 2052 1107 2091 mentemque
1134 2048 1331 2091 animumque
1356 2046 1508 2090 parentis;

592 2102 687 2145 Cujus
714 2102 754 2135 sie
782 2106 904 2134 teneros
932 2100 1031 2133 clarus
1056 2099 1242 2133 Bacchusius
1265 2108 1361 2131 annos

592 2155 720 2188 Artibus
748 2155 886 2199 ingenuis
911 2158 942 2187 et
970 2153 1081 2187 sanctis
1105 2151 1242 2185 moribus
1270 2154 1376 2191 ornat,

594 2209 638 2241 Ut
660 2208 725 2252 jam
751 2208 815 2251 jam
844 2207 942 2252 capiat
969 2217 1053 2251 spem
1083 2209 1198 2238 certam
1229 2203 1372 2236 Flandria
1395 2206 1461 2236 tota

590 2263 680 2296 Hunc
705 2263 796 2296 decus
825 2266 973 2295 aetcrnum
1003 2260 1109 2306 patriae
1134 2259 1278 2304 gentique
1310 2257 1462 2291 futurum.

595 2315 764 2348 Fundimus
792 2314 848 2348 hos
874 2325 978 2348 versus
1007 2314 1109 2358 potius
1135 2324 1225 2358 quam
1255 2312 1416 2345 scribimus
1441 2309 1479 2342 ad
1506 2313 1554 2348 te,

596 2368 624 2401 Ο
650 2368 800 2402 Ludoviee
827 2379 938 2412 parens
964 2372 994 2400 ct
1018 2366 1185 2400 consolatio
1213 2370 1338 2405 nostra,

597 2419 700 2453 Rebus
729 2425 761 2454 et
786 2420 903 2454 afflictis
930 2431 999 2465 spes
1021 2421 1110 2454 unica
1137 2425 1168 2454 et
1194 2419 1328 2453 anchora
1353 2422 1431 2451 tuta.

1700 334 1962 597 “iil

1124 2661 1695 2697 ffl—„ffi-ffl-
1712 2636 1970 2693 *θῇ
