2372 3082
149 326 1733 382 ffQ———ss--qmn————
1745 333 2016 388 &Q

170 351 198 382 εἴ

642 572 695 610 we
726 571 874 611 wanhun
906 573 1080 614 {Fun-aiis
1115 574 1269 613 nomana
1301 579 1334 613 et
1364 574 1534 614 ssarhara.
1958 368 2015 594 ff

524 737 617 769 Nemo
649 734 706 768 sibi
742 735 807 768 sine
843 733 953 769 fraude
981 739 1087 781 potest
1121 737 1312 770 consciscere
1340 740 1489 771 mortem.

524 787 665 822 Credidit
698 787 936 834 haudquaquam
971 790 1044 823 licet
1070 789 1130 824 hoc
1158 789 1337 824 miseranda
1364 794 1501 824 vetustas

524 843 601 884 Quae
637 841 715 876 falso
742 843 821 876 solet
849 843 920 877 inde
951 855 1041 877 suum
1071 843 1198 878 laudare
1232 846 1395 878 Catonem.

526 896 667 939 Utraque
700 894 794 928 stulta
829 894 889 929 suit
923 897 1029 941 (patet
1052 896 1141 941 hinc)
1171 897 1335 937 Lucretia,
1367 907 1543 942 quanquam

524 948 665 992 Utraque
699 958 756 992 per
787 947 906 981 facinus
946 949 1064 982 clarum
1100 948 1246 983 cecidisse
1284 953 1427 994 putetur.

523 1002 553 1034 Si
591 1012 704 1045 corpus
739 1002 805 1034 sine
830 1006 934 1034 mente
971 1003 1079 1046 nequit
1111 1011 1258 1044 peccare,
1294 999 1368 1043 quid
1401 1001 1434 1034 in
1472 1005 1504 1033 te

522 1055 550 1087 Ο
582 1055 723 1087 Romana
756 1058 847 1099 potes
886 1057 950 1087 tam
986 1053 1090 1087 dirum
1127 1053 1285 1097 stringere
1316 1051 1460 1087 ferrum?

522 1107 554 1140 Si
590 1107 655 1140 sine
696 1107 823 1140 consilio
857 1118 970 1141 noxam
1006 1118 1070 1141 non
1105 1105 1266 1140 contrahis
1303 1105 1398 1140 ullam

521 1161 598 1202 Quis
629 1160 722 1205 jubet
756 1160 872 1194 insonti
908 1160 947 1195 de
983 1170 1116 1207 corpore
1147 1170 1270 1193 sumere
1303 1160 1436 1203 poenas?

520 1212 663 1257 Denique
695 1213 720 1246 si
757 1212 846 1257 culpa
879 1216 910 1246 te
943 1213 1016 1257 jure
1048 1212 1197 1252 absolvis,
1236 1212 1350 1246 acerbo

523 1265 587 1297 Cur
624 1268 656 1298 et
685 1265 835 1309 supplicio
866 1266 1020 1298 mulctas?
1056 1266 1253 1310 animamque
1288 1265 1439 1300 misellam

522 1317 659 1350 Demens
694 1317 838 1349 tartareis
869 1316 978 1349 misces
1016 1318 1193 1362 mergisque
1228 1318 1389 1351 tenebris?

525 1371 619 1403 Forte
648 1369 732 1414 quod
766 1380 892 1403 excuses
922 1369 977 1403 sed
1012 1369 1125 1410 habes,
1167 1370 1251 1414 quod
1287 1371 1369 1405 clara
1400 1383 1456 1417 per
1485 1372 1593 1407 orbem

523 1423 634 1456 Nullus
666 1422 767 1457 adhuc
796 1422 865 1457 fidei
895 1424 1060 1469 sparsisset
1084 1422 1201 1455 lumina
1229 1422 1386 1456 Christus.

524 1479 568 1509 At
599 1478 687 1510 venio
723 1476 761 1510 ad
796 1481 936 1511 nostram
972 1477 1084 1511 merito
1122 1487 1190 1520 quae
1228 1476 1367 1510 Barbara
1407 1476 1488 1511 dicta
1521 1482 1568 1512 est

524 1529 627 1570 Quam
664 1539 720 1562 nec
753 1539 841 1562 amor
875 1530 962 1570 vitae,
1001 1540 1058 1563 nec
1094 1528 1212 1562 Christi
1249 1529 1376 1564 flectere
1409 1532 1522 1576 quivit,

524 1580 698 1621 Quominus
734 1581 765 1613 in
796 1580 919 1625 rapidas
953 1591 1020 1615 sese
1056 1580 1255 1625 demergeret
1285 1581 1385 1615 undas

526 1633 610 1665 Dum
645 1631 751 1666 studet
785 1632 947 1666 obsessum
983 1637 1101 1668 temere
1137 1645 1260 1668 servare
1287 1635 1455 1681 pudorem.

527 1688 646 1720 Neutra
680 1686 776 1731 igitur
805 1686 919 1721 claram
948 1689 1063 1722 meruit
1096 1689 1240 1722 Lucretia
1271 1688 1414 1723 laudem:

528 1740 628 1772 Nemo
664 1738 720 1772 sibi
758 1739 823 1773 sine
859 1739 968 1774 fraude
1002 1745 1107 1786 potest
1142 1743 1332 1777 consciscere
1363 1747 1509 1777 mortem.

810 2081 864 2118 mc
892 2081 1140 2128 quatuorhetim
1181 2082 1361 2121 (sshriufiiz.

579 2228 721 2259 NOSCERE
758 2226 804 2260 bis
842 2231 960 2273 septem
990 2228 1100 2273 cupitis
1128 2230 1178 2273 qui
1212 2230 1347 2263 carmine
1375 2233 1466 2274 potos

624 2280 740 2313 Discite
768 2279 841 2324 quid
878 2280 975 2314 laudis
1012 2280 1132 2314 deferat
1164 2282 1315 2315 ebrietas:

579 2333 655 2367 Vult
690 2334 810 2377 sapiens
848 2335 970 2368 Primus
1005 2335 1213 2379 Salomonque
1238 2335 1414 2380 Thalcsque
1450 2335 1561 2373 videri,

624 2388 742 2420 Cuncta
776 2397 907 2432 sequens
939 2388 1050 2428 donat,
1088 2389 1236 2434 prodigus
1272 2391 1336 2434 ipse
1371 2392 1434 2423 sui:
1959 2401 2014 2612 Q
