2372 3082
142 378 212 422 ΞΝ
1909 384 1916 390 ‘
1944 389 1998 434 aa

141 410 167 482 Q*

158 384 197 527 βῖἳσ

1944 391 1998 597 ἢῆ

146 477 172 591 αἱ

375 567 536 605 litatem
549 595 560 614 ‚
586 563 802 603 clarissimi
824 563 1039 617 sanguinis
1061 563 1123 603 sui
1148 561 1422 604 foecunditate
1443 564 1765 607 illustrissimam

374 628 510 668 effecit
543 626 692 667 Carolo
722 627 827 678 filio,
867 641 917 666 ac
954 628 1117 668 duabus
1152 633 1358 682 praeterea
1392 629 1558 670 filiabus
1597 630 1767 685 Ingerta

373 706 422 732 ao
456 691 626 731 Caecilia
660 706 708 731 ex
742 691 913 731 Kanuto
943 697 1099 743 mater,
1134 693 1180 732 in
1215 694 1368 746 quibus
1395 694 1565 747 Ingerta
1594 696 1767 736 Folconi

371 756 547 796 Sueticae
571 756 706 809 gentis
729 756 985 795 nobilissimo
1008 761 1143 810 nupta
1167 755 1433 807 Benedictus,
1462 757 1762 813 Kanutusque3

371 819 540 860 Caecilia
560 820 718 860 tradita
745 819 867 859 Erico
894 819 1127 861 Gothorum
1147 821 1347 876 praefecto
1368 822 1587 863 Kanutum
1599 854 1610 873 ‚
1636 824 1766 865 Caro-

369 885 542 938 lumque
579 885 831 938 procreavit,
877 884 988 925 unde
1028 900 1158 939 genus
1195 887 1416 942 multiplex
1458 902 1509 928 ae
1545 890 1765 943 posteritas

370 950 684 1003 generosissima
712 950 757 989 in
778 950 972 1003 gentibus
993 950 1075 989 illis
1095 950 1289 991 excrevit.
1315 950 1449 990 Adela
1468 952 1602 992 nihilo
1634 954 1764 994 secius

369 1014 518 1054 amisso
546 1014 635 1054 viro
665 1027 780 1067 rege,
815 1015 860 1053 in
889 1015 1110 1055 Flandrias
1141 1028 1237 1054 cum
1268 1014 1417 1055 carolo
1442 1017 1659 1071 impubere
1678 1020 1764 1060 filio

367 1078 421 1118 ad
450 1083 613 1132 patrem
642 1078 790 1130 rediit,
823 1079 1065 1133 traditaque
1093 1078 1244 1119 deinde
1265 1079 1310 1118 in
1330 1080 1646 1122 matrimonium
1674 1082 1763 1123 Ro-

368 1142 482 1196 gerio
511 1141 679 1197 Apuliae
708 1143 804 1183 duci
830 1143 1005 1184 Roberti
1026 1142 1136 1192 filio,
1171 1143 1430 1184 Ludovicum
1461 1146 1603 1185 statim
1635 1152 1763 1201 atque

367 1208 645 1248 Guiscardum
665 1215 799 1249 morte
819 1209 962 1249 ambos
983 1209 1212 1248 immatura
1232 1210 1495 1264 absumptos,
1525 1224 1575 1250 ac
1602 1209 1762 1251 Guilel-

366 1287 481 1313 mum
511 1273 664 1313 dehinc
688 1273 851 1327 Apuliae
871 1273 1019 1312 ducem
1039 1273 1217 1326 peperit.
1245 1272 1462 1314 Gertrudis
1484 1274 1629 1314 Adelae
1646 1289 1762 1316 soror

366 1337 549 1391 primum
571 1338 713 1377 comiti
733 1337 1060 1376 Lovaniensium
1090 1336 1296 1385 Henrieo,
1326 1338 1424 1377 dein
1456 1338 1537 1377 fuit
1558 1340 1762 1381 collocata

366 1403 400 1441 T
403 1402 624 1442 heoderico
652 1402 794 1441 comiti
820 1401 1008 1451 Elsatiae,
1042 1402 1155 1441 unde
1186 1403 1352 1454 genitus
1385 1417 1519 1443 comes
1548 1404 1579 1443 F
1584 1404 1761 1446 landriee

364 1467 661 1507 Theodericus.
700 1466 836 1507 Maria
869 1468 915 1507 in
951 1467 1141 1507 coenobio
1172 1467 1451 1508 Meschinensi
1484 1470 1623 1511 votiva
1658 1472 1760 1512 vixit

365 1533 605 1587 virginitate
625 1545 842 1572 sacrarum
861 1531 920 1571 ibi
942 1532 1153 1585 virginum
1174 1532 1370 1573 maxima.
1406 1534 1513 1574 Sunt
1533 1536 1606 1588 qui
1627 1550 1758 1576 unum

366 1613 415 1638 ex
445 1598 639 1653 Frysonis
671 1598 813 1637 liberis
842 1596 1098 1638 Balduinum
1135 1599 1325 1648 nomine,
1359 1599 1599 1654 episcopum
1633 1601 1757 1642 fuisse

366 1663 552 1704 referant
573 1661 844 1704 Morinorum.
878 1663 967 1717 Ego
993 1663 1111 1702 illum
1134 1664 1178 1703 in
1199 1677 1342 1703 eorum
1368 1664 1656 1719 episcoporum
1687 1680 1758 1707 ea-

365 1729 505 1783 talogo
526 1743 611 1769 non
633 1729 813 1769 invenio.
838 1728 1024 1769 Roherto
1046 1728 1188 1768 comiti
1209 1728 1423 1768 Flandriae
1447 1729 1630 1770 Frisonis
1651 1730 1752 1780 filio,

366 1796 432 1835 cui
461 1795 514 1835 ob
543 1796 756 1849 egregiam
785 1796 830 1834 in
858 1800 1004 1835 sancta
1034 1794 1296 1848 expeditione
1327 1800 1525 1834 navatam
1559 1809 1753 1849 operam,

366 1861 740 1916 Hierosolymitano
774 1860 854 1901 fuit
887 1874 1143 1914 cognomen,
1177 1861 1329 1915 obtigit
1356 1875 1460 1901 uxor
1486 1861 1753 1913 Claemcntia,

366 1925 453 1966 filia
474 1925 671 1965 Guilelmi
692 1926 853 1966 comitis
875 1925 1153 1978 Burgundke,
1178 1924 1322 1965 calisti
1344 1925 1552 1980 pontificis
1572 1926 1756 1967 Romani

367 2004 496 2030 soror.
521 1990 621 2030 Haeo
641 1989 917 2040 Balduinum‚
953 1989 1228 2038 Guilelmum,
1250 1989 1516 2044 Philippum,
1542 2003 1592 2030 ac
1623 1990 1758 2031 faemi-

366 2068 465 2094 nam
494 2069 624 2095 unam
654 2056 835 2109 peperit,
865 2055 1018 2109 quibus
1049 2055 1242 2094 omnibus
1276 2055 1362 2095 vita
1392 2056 1522 2095 evasit
1551 2058 1755 2110 superior.

365 2119 596 2159 Balduinus
617 2120 757 2173 stirpis
778 2120 982 2158 maximus
991 2148 1003 2168 ‚
1028 2118 1189 2158 Securis
1217 2119 1557 2172 cognominatus,
1589 2125 1756 2174 paterni

366 2184 625 2238 principatus
654 2183 808 2232 haeres,
834 2183 953 2223 duxit
972 2183 1017 2222 in
1040 2182 1353 2223 matrimonium
1385 2183 1533 2237 Agnen
1564 2184 1755 2237 (Anisem

368 2248 540 2301 quidam
576 2248 807 2302 scribunt),
853 2248 983 2288 filiam
1024 2247 1150 2288 Alani
1199 2249 1362 2288 comitis
1398 2249 1626 2300 Nanctum,
1669 2266 1755 2306 qua

369 2313 550 2353 Romani
585 2313 797 2354 Pontificis
832 2314 1087 2354 authoritate
1096 2345 1107 2364 ,
1145 2315 1198 2354 oh
1244 2315 1421 2367 gradum
1461 2316 1599 2356 neseio
1630 2331 1755 2372 quem

370 2378 628 2432 cognationis
679 2379 868 2429 dimissa,
912 2380 1197 2433 superduxisse
1238 2380 1419 2420 traditur
1457 2381 1749 2435 Margaritam,

178 2546 188 2560 Ι,

136 2639 214 2665 ‘'iau''-
228 2635 399 2665 ⁷2&ss
1457 2646 1471 2669 7
1724 2625 1987 2681 &32¹3
