2372 3082
389 563 689 604 inclinantibus
711 563 997 604 Romanorum
1027 565 1168 614 rebus,
1202 562 1303 602 alios
1332 575 1458 616 supra
1488 562 1589 601 alios
1618 563 1780 616 ingenti

389 642 562 668 numero
601 627 800 667 Rhenum
840 630 1034 669 transisse
1076 643 1152 683 per
1191 641 1323 666 annos
1363 627 1455 680 plus
1500 627 1777 680 quingentos,

388 692 520 731 donec
565 705 731 731 omnem
780 690 984 743 Galliam,
1036 691 1323 740 Britanniam,
1379 690 1646 744 Hispaniam,
1694 692 1782 732 Ita-

388 757 572 810 liamque
601 763 736 796 essent
766 758 996 811 pervagati.
1028 756 1222 812 Cymbri,
1250 755 1440 803 Ruteni,
1465 754 1626 805 Russii,
1661 756 1782 796 Suevi

387 821 531 872 Frisii,
570 822 736 871 Batavi,
777 822 950 872 Franci,
988 821 1189 871 Vandali,
1228 818 1376 869 Gothi,
1407 817 1609 869 Saxones,
1644 818 1779 874 Huni,

387 886 578 941 Scythae,
617 886 752 937 Dani,
791 888 946 941 partim
986 901 1069 927 uno
1110 892 1152 926 et
1191 885 1335 925 eodem
1370 889 1583 938 tempore,
1626 885 1780 939 partim

387 950 644 1005 temporibus
674 952 844 991 diversis
873 952 1095 991 Flandrias
1128 950 1349 989 incoluisse
1385 954 1604 1003 putantur.
1644 949 1783 988 Tanta

387 1017 486 1056 olim
520 1015 708 1055 omnium
744 1015 932 1067 gentium
961 1014 1215 1069 permutatio
1246 1013 1545 1067 permistioque
1575 1012 1670 1052 fuit.
1721 1013 1782 1052 De

388 1080 577 1135 Cymbris
598 1085 640 1119 et
654 1078 814 1118 Russiis
830 1080 1002 1119 laudare
1018 1093 1183 1134 possum
1199 1077 1442 1118 vetustiores
1462 1076 1782 1116 Flandricarum

388 1158 526 1184 rerum
557 1144 775 1198 scriptores
784 1175 795 1194 ,
830 1145 903 1198 qui
935 1150 1174 1184 constanter
1205 1142 1381 1182 tradunt
1412 1140 1590 1196 majores
1621 1147 1782 1181 nostros

388 1209 570 1263 primum
591 1207 810 1263 Cymbros,
836 1209 986 1248 deinde
1002 1209 1190 1249 Rutenos
1201 1239 1211 1258 ,
1231 1206 1413 1259 denique
1428 1206 1632 1246 Flandros
1649 1207 1781 1246 dictos

387 1274 440 1313 ab
461 1274 720 1314 Flandberto
743 1274 948 1328 principe,
969 1273 1179 1313 Clodionis
1200 1272 1459 1311 Francorum
1482 1271 1590 1324 regis
1611 1277 1779 1325 nepote.

388 1338 529 1388 Frisii,
570 1338 711 1388 Suevi,
755 1338 949 1386 Flandri,
994 1336 1269 1391 Andoverpii,
1309 1350 1403 1375 cum
1440 1336 1532 1375 aliis
1568 1338 1782 1376 nonnullis

387 1401 623 1441 Germaniae
654 1404 837 1458 populiS,
868 1403 1032 1442 circiter
1058 1416 1218 1443 annum
1243 1401 1420 1454 virginei
1445 1406 1589 1454 partus
1614 1415 1783 1441 sexcen-

385 1467 599 1516 tesimum,
633 1468 845 1508 maritima
873 1467 1085 1507 Flandriae
1116 1471 1342 1507 tenuerunt
1372 1466 1482 1515 loca,
1515 1464 1784 1519 Eligiumque.

386 1533 590 1587 inclytum
614 1534 814 1588 religione
840 1534 999 1582 virum,
1032 1528 1105 1587 qui
1132 1533 1291 1587 primus
1317 1530 1472 1571 dicitur
1501 1530 1554 1569 ad
1580 1544 1784 1570 oceanum

386 1612 518 1651 usque
545 1599 764 1652 protulisse
789 1599 955 1652 pietatis
982 1598 1236 1652 pomerium,
1265 1596 1430 1636 nonnisi
1456 1601 1573 1636 torve
1604 1610 1653 1635 ac
1688 1597 1781 1636 vul-

385 1669 499 1702 tuose
521 1663 640 1702 initio
661 1669 923 1716 receperunt.
950 1662 1015 1702 Ab
1035 1663 1176 1702 Suevis
1192 1661 1408 1702 Suevezele
1430 1675 1479 1700 ac
1498 1661 1782 1715 Sueveghcym

385 1742 590 1782 pagorum
612 1728 784 1767 nomina
805 1729 1050 1767 remansisse
1076 1733 1191 1782 puto.
1224 1726 1286 1766 De
1318 1727 1384 1765 his
1417 1725 1642 1766 Audoenus
1673 1726 1783 1779 epis-

386 1807 537 1847 copus,
583 1793 756 1846 aequalis
799 1792 880 1830 illis
924 1792 1182 1846 temporibus
1223 1791 1399 1844 scriptor
1438 1791 1483 1829 in
1529 1791 1617 1830 vita
1657 1790 1783 1843 Eligii

386 1858 588 1911 episcopi,
619 1857 672 1896 ad
700 1857 815 1896 hunc
846 1857 1017 1897 modum
1048 1857 1258 1910 loquitur:
1293 1857 1473 1896 multum
1504 1860 1708 1909 praeterea
1738 1854 1782 1893 in

385 1922 577 1962 Flandris
614 1923 848 1972 laboravit,
882 1921 976 1977 jugi
1012 1921 1215 1961 instantia
1251 1919 1508 1974 Andoverpis
1545 1920 1777 1974 pugnavit,

386 1988 621 2041 multosque
648 2000 840 2027 erroneos
866 1986 1016 2026 Suevos
1044 1985 1262 2026 convertit.
1300 1984 1534 2024 Watanum
1560 1986 1604 2025 in
1626 1985 1782 2024 ditione

385 2053 611 2093 Casletensi
643 2052 884 2106 (Vaganum
916 2051 1022 2091 forte
1052 2051 1307 2104 antiquitus)
1339 2048 1480 2089 ferunt
1511 2048 1634 2089 fuisse
1661 2049 1782 2089 Colo-

387 2118 501 2157 niam
521 2118 793 2167 Batavorum,
820 2117 893 2170 qui
916 2131 1031 2170 pars,
1058 2117 1197 2170 inquit
1222 2115 1410 2165 Tacitus,
1436 2114 1653 2154 Cattorum
1674 2114 1782 2168 pulsi

387 2182 587 2221 seditione
610 2182 855 2230 domestica,
881 2188 1067 2221 extrema
1088 2181 1263 2221 Gallicae
1280 2193 1364 2218 01²ae
1381 2180 1610 2219 cultoribus
1627 2192 1779 2228 vacua,

388 2252 514 2300 atque
550 2247 728 2286 insulam
764 2246 904 2286 Rheni
940 2251 1263 2301 occupaverunt.
1299 2245 1380 2285 Pcr
1411 2252 1594 2285 extrema
1620 2243 1783 2296 gallieae

388 2326 472 2352 01·ae
503 2312 748 2352 Flandriam
780 2312 886 2351 forte
917 2313 1151 2365 intelligere
1188 2325 1403 2365 possumus
1439 2325 1522 2350 non
1559 2309 1696 2348 minus
1733 2322 1781 2347 ac

389 2378 480 2417 loca
509 2376 658 2417 Rheno
684 2377 885 2430 proxima.
911 2377 1095 2417 Insulam
1122 2390 1218 2416 vcro
1243 2376 1511 2416 Hollandiam
1538 2374 1660 2414 fuisse
1684 2374 1780 2412 satis
