2372 3082
359 360 392 391 {ff

373 321 606 376 Q
617 325 1299 363 —--——-———<6)
1314 344 1780 349 ————-—————
1790 316 2163 370 m&

575 549 784 592 convenit.
821 549 1018 590 Testatur
1052 549 1262 591 Robertus
1292 550 1512 605 Gaguinus
1546 567 1597 593 ex
1632 551 1865 592 Saxonibus
1901 564 1976 590 nos

575 631 659 658 esse
694 621 921 671 prognatos
957 615 1148 671 Cymbris
1183 616 1302 658 haud
1338 617 1464 657 dubie
1495 617 1635 659 vicina
1666 622 1810 671 gente,
1849 616 1978 655 Flan-

576 682 797 736 driamque
832 681 959 721 etiam
1000 688 1100 722 ante
1134 683 1321 723 natalem
1361 683 1619 722 dominicum
1659 683 1824 736 populis
1854 682 1979 722 fuisse

577 749 857 803 frequentem.
888 748 950 787 De
977 747 1150 788 Francis
1177 749 1275 788 satis
1301 755 1362 788 est
1390 748 1657 788 manifestum
1684 753 1908 801 postquam
1935 747 1980 786 in

577 814 726 867 Belgas
750 813 996 867 irruperunt
1017 813 1169 853 multos
1195 814 1426 853 consedisse
1446 814 1491 853 in
1513 814 1737 862 Flandria,
1760 811 1982 850 coaluisse-

579 892 662 933 que
683 892 778 917 cum
799 884 944 917 nostra
964 883 1101 932 gente.
1128 877 1257 918 Gothi
1279 878 1505 932 (siquidem
1526 879 1613 919 veri
1635 883 1734 918 sunt
1752 876 1984 931 ¹scriptores

578 942 809 996 Hanoniae)
850 942 1139 983 Aldenardam
1184 949 1226 982 et
1265 942 1457 983 Alostum
1506 943 1787 983 condiderunt
1836 947 1985 982 contra

580 1007 818 1048 VVandalos
853 1008 927 1061 qui
958 1013 1049 1047 tum
1075 1007 1256 1058 Wandt,
1280 1008 1362 1048 hoo
1383 1015 1445 1048 est
1464 1007 1737 1058 Gandavum,
1762 1007 1981 1047 tenebant.

581 1072 824 1113 Gestelanos
843 1073 1095 1127 Scytharum
1117 1087 1202 1112 esse
1223 1074 1408 1114 sobolem
1424 1075 1673 1114 mandatum
1694 1079 1757 1113 est
1771 1073 1985 1113 memoriae

579 1141 624 1179 in
654 1139 741 1180 vita
769 1138 853 1178 divi
884 1136 1097 1191 Arnulphi
1122 1138 1389 1180 Suessionum
1420 1140 1624 1195 episcopi,
1650 1144 1909 1193 apparetque
1934 1152 1984 1177 ex

580 1205 691 1247 vocis
707 1204 958 1259 etymologia
973 1202 1148 1257 Scythiu
1156 1235 1167 1253 ,
1186 1204 1269 1244 hcc
1285 1210 1346 1244 est
1361 1205 1526 1245 Fanum
1544 1204 1774 1244 Audomari
1784 1234 1795 1253 ,
1816 1204 1984 1242 illorum

581 1271 737 1312 referre
763 1282 934 1310 nomen.
966 1266 1121 1307 Gentes
1142 1270 1490 1323 septentrionales
1517 1269 1641 1308 modo
1665 1268 1841 1323 Scythas
1862 1267 1986 1307 modo

583 1337 847 1377 Normannos
878 1333 990 1373 Galli
1015 1334 1229 1387 appellare
1264 1336 1471 1375 sole-bant.
1511 1335 1656 1375 Hunos
1692 1341 1734 1374 et
1774 1334 1987 1374 Vandalos

581 1401 796 1441 nonnullis
832 1399 1046 1439 Flandriae
1081 1399 1182 1439 locis
1218 1406 1381 1440 exactos
1416 1401 1613 1454 legimus,
1652 1400 1768 1454 quod
1797 1405 1986 1439 nostram

583 1466 770 1521 profiteri
779 1465 1025 1519 religionem
1036 1464 1334 1505 detrectarent.
1350 1465 1484 1506 Autor
1500 1471 1561 1505 est
1570 1465 1596 1504 J
1599 1479 1755 1505 oannes
1764 1465 1988 1505 Tortellius

584 1531 763 1587 majores
803 1537 966 1571 nostros
1006 1544 1056 1570 ex
1100 1530 1238 1571 Dania
1274 1519 1364 1572 'esse
1402 1531 1610 1586 profectos
1651 1545 1723 1570 seu
1765 1530 1989 1586 Cymbrica

586 1596 862 1647 Chersoneso,
891 1610 995 1650 quos
1021 1595 1219 1650 frequens
1246 1603 1307 1638 est
1331 1597 1445 1638 fama
1470 1611 1616 1638 eorum
1638 1595 1763 1635 fuisse
1786 1595 1990 1650 Cymbro-

586 1677 680 1702 rum
705 1667 870 1717 partem
906 1667 980 1701 aut
1013 1666 1125 1701 certe
1153 1664 1419 1716 progeniem,
1446 1663 1521 1717 qui
1547 1676 1643 1701 cum
1667 1661 1870 1701 Romanis
1901 1666 1990 1699 tam

587 1728 754 1782 egregie
784 1732 1105 1781 pugnaverunt,
1129 1741 1179 1766 ac
1208 1734 1272 1767 tot
1302 1729 1517 1782 tantisque
1545 1729 1637 1767 illos
1669 1728 1858 1767 cladibus
1887 1726 1990 1767 affe-

588 1797 756 1841 cerunt,
786 1791 886 1832 victi
920 1790 975 1829 ad
1009 1795 1266 1844 postremum
1303 1806 1329 1831 a
1360 1793 1492 1832 Mario
1522 1793 1714 1842 consule,
1744 1806 1991 1846 quanquam

588 1871 674 1896 non
712 1856 850 1896 desint
888 1855 962 1908 qui
1000 1853 1128 1894 fuisse
1164 1857 1383 1911 indigenas
1419 1862 1664 1905 autument,
1704 1870 1754 1895 ao
1790 1856 1991 1910 Cymbros

589 1921 743 1975 gallica
766 1922 914 1974 lingua
940 1919 1072 1959 dictos
1100 1921 1154 1961 ob
1175 1922 1414 1963 latrocinia.
1445 1922 1535 1962 Hac
1562 1922 1612 1961 de
1638 1935 1683 1961 re
1704 1920 1851 1961 Jodoci
1872 1921 1993 1960 Badii

589 1987 667 2026 viri
698 1984 915 2026 clarissimi
944 1984 989 2023 in
1016 1986 1202 2038 quadam
1233 1988 1288 2027 ad
1308 2002 1374 2027 me
1400 1988 1576 2042 epistola
1604 1988 1698 2028 haeo
1723 1992 1821 2026 sunt
1840 1985 1986 2026 verba:

591 2051 684 2092 Non
705 2051 830 2105 longe
855 2050 1004 2090 absum
1030 2050 1084 2090 ab
1106 2052 1304 2106 opinione
1324 2067 1469 2093 eorum
1493 2054 1567 2108 qui
1583 2057 1773 2093 asserunt
1788 2050 1992 2091 Flandros

593 2131 665 2156 seu
681 2116 993 2166 Flandrinates‚
1014 2116 1112 2157 licet
1133 2119 1266 2159 multo
1287 2125 1394 2173 post,
1414 2133 1463 2159 ex
1483 2119 1628 2159 iisdem
1644 2117 1729 2158 fere
1744 2118 1825 2157 oris
1840 2117 1886 2156 in
1901 2130 1993 2156 eam

594 2195 690 2236 quae
711 2195 827 2221 nunc
847 2182 878 2220 F
883 2182 1051 2222 landria
1067 2188 1129 2222 est
1150 2184 1390 2235 advenisse,
1411 2199 1460 2224 ex
1481 2184 1634 2239 quibus
1650 2182 1825 2238 profecti
1846 2188 1966 2222 erant
1979 2213 1990 2231 ,

594 2246 667 2300 qui
696 2260 792 2286 cum
815 2245 949 2286 Mario
975 2252 1064 2287 tam
1087 2248 1286 2289 nobiliter
1307 2257 1619 2304 pugnaverunt.
1656 2250 1716 2290 De
1741 2248 1995 2301 antiquitate

595 2312 730 2365 gentis
757 2317 916 2352 certum
940 2319 1001 2352 est
1027 2319 1192 2368 partem
1220 2315 1453 2369 praesertim
1474 2316 1591 2355 illam
1620 2316 1691 2369 qui
1712 2328 1845 2369 pagus
1868 2312 1995 2352 Flan-

597 2377 755 2416 drensis
793 2377 947 2428 dictus,
988 2379 1144 2419 cultam
1183 2381 1348 2420 circiter
1384 2395 1543 2421 annum
1574 2380 1742 2420 Domini
1773 2378 1876 2428 436,
1912 2392 1995 2432 quo

2164 316 2209 337 aa}

2157 377 2171 388 «ω
2194 375 2209 389 0)

2173 387 2210 411 ¹2&

2156 387 2211 585 ᾒςᾷὴ
