2372 3082
167 344 1115 399 ἓψ--ῲ--ωοω

143 395 191 440 Φ

141 395 196 606 ff

374 575 675 624 Cortracensis,
700 574 808 616 divae
828 573 974 615 Mariae
992 574 1410 627 Teneremondensis,
1445 576 1530 618 divi
1549 576 1755 618 Hermetis

372 639 715 691 Rotornacensis,
759 642 869 682 divae
904 640 1050 680 Mariae
1094 640 1367 681 Cominiensis
1379 672 1390 692 ,
1435 641 1520 683 divi
1567 642 1755 684 Piatonis

371 706 649 757 Sicliniensis,
678 707 762 747 divi
785 706 1008 748 Salvatoris
1032 705 1274 759 Brugensis,
1298 706 1407 747 divae
1426 706 1571 748 Mariae
1590 706 1756 749 Arden-

371 769 587 824 burgensis
595 801 607 821 ,
631 770 715 811 divi
736 770 851 811 Petri
876 770 1136 822 Lutosensis,
1159 771 1266 812 divae
1286 768 1433 813 Mariae
1458 771 1729 813 Antoniensis
1740 803 1754 824 ,

370 833 589 890 Heynense
622 842 826 890 praeterea
864 837 1094 877 secundum
1122 834 1429 887 Aldenardam‚
1466 841 1508 875 et
1542 834 1759 876 Alostense

370 899 485 953 quod
505 904 595 939 erat
613 905 711 940 ante
730 900 998 942 Haltranum.

427 1069 685 1110 Postremum
708 1071 759 1110 de
782 1071 1074 1126 pulcherrimis
1094 1070 1308 1112 Flandriae
1323 1073 1604 1126 processibus,
1629 1079 1758 1127 atque

369 1133 418 1174 iis
438 1134 620 1176 breviter
638 1136 758 1176 nobis
779 1136 1000 1177 habendus
1021 1151 1154 1177 sermo
1171 1136 1423 1187 comitibus,
1448 1136 1523 1191 qui
1542 1136 1757 1177 Flandrici

366 1200 577 1255 protulere
601 1201 704 1241 fines
734 1202 915 1257 imperii.
939 1202 1123 1243 Invaluit
1151 1202 1295 1256 opinio
1322 1201 1598 1243 Flanbertum
1620 1201 1757 1244 Clodii

365 1266 473 1319 regis
504 1273 722 1321 nepotem,
753 1268 911 1322 Belgioi
937 1268 1089 1308 littoris
1120 1268 1326 1323 accepisse
1347 1268 1603 1319 custodiam,
1640 1281 1758 1308 eam-

366 1343 450 1384 que
500 1345 664 1371 omnem
713 1338 851 1372 actam
896 1347 923 1373 a
965 1347 1007 1373 se
1060 1333 1306 1374 Flandriam
1354 1334 1600 1388 appellasse.
1652 1331 1755 1389 Ejus

366 1394 653 1447 posteritatem
683 1396 871 1450 adusque
901 1396 1153 1451 Lydericum
1184 1398 1522 1438 Harlebecanum
1540 1396 1756 1451 Belgicam

365 1458 472 1499 illud
500 1459 617 1500 littus
642 1475 693 1501 ac
720 1476 877 1516 pagum
907 1462 1180 1502 Flandricum
1209 1462 1405 1503 tenuisse.
1444 1461 1757 1502 Harlebecanus

366 1529 507 1563 autem
538 1539 625 1565 una
655 1541 752 1566 cum
780 1540 909 1580 pago,
943 1527 1110 1582 Sylvam
1141 1541 1310 1581 quoque
1347 1526 1616 1567 Flandricam
1646 1526 1756 1567 dono

366 1584 505 1627 Caroli
530 1588 673 1643 Magni
703 1591 906 1630 tuendam
926 1590 1126 1645 suscepit,
1150 1590 1316 1631 tametsi
1347 1590 1517 1630 Brando
1548 1589 1756 1631 Dunensis

367 1650 571 1705 scriptum
606 1653 845 1707 reliquerit,
881 1653 1128 1696 Flandriam
1162 1671 1239 1697 ceu
1275 1657 1479 1697 caducam
1508 1661 1551 1696 et
1579 1669 1755 1697 vacuam

367 1714 422 1754 ab
472 1715 677 1770 Lyderico
727 1724 991 1772 occupatam.
1044 1720 1277 1762 Balduinus
1322 1721 1518 1772 Ferreus,
1567 1719 1755 1761 Judithae

364 1781 523 1835 reginae
544 1788 789 1835 assequutus
810 1784 981 1838 nuptias
990 1816 1002 1835 ,
1034 1786 1189 1842 adjecit
1217 1787 1295 1826 sibi
1326 1788 1507 1841 quiquid
1535 1792 1626 1827 erat
1645 1787 1756 1826 inter

364 1845 541 1887 fiuvium
574 1847 819 1899 Somonam,
860 1848 1098 1899 Oceanum,
1141 1864 1192 1889 ac
1226 1849 1437 1901 Sealdem,
1478 1851 1522 1891 id
1557 1850 1672 1904 quod
1712 1854 1753 1889 et

365 1912 397 1951 F
401 1913 645 1953 landbertus
667 1915 859 1954 conditor
878 1915 1013 1969 gentis
1034 1915 1260 1970 possedisse
1291 1916 1461 1957 dicitur.

421 2001 652 2042 Balduinus
701 2002 908 2045 Barbatus
953 2005 1116 2060 accepit
1151 2019 1178 2046 a
1211 2005 1375 2046 Caesare
1409 2005 1591 2046 Henrico
1625 2006 1750 2045 tertio

364 2068 520 2107 insulas
541 2068 774 2119 zelandiae,
798 2077 840 2110 et
860 2071 1062 2125 oppidum
1086 2069 1376 2111 valentianas.
1400 2071 1632 2111 Balduinus
1652 2069 1751 2110 Pius

364 2133 521 2174 ademit
550 2135 694 2174 caesari
719 2135 900 2174 Henrico
932 2140 1083 2189 quarto
1110 2139 1269 2175 terram
1296 2134 1558 2175 Alostanam.
1591 2134 1751 2176 Evertit

365 2197 582 2237 castellum
618 2198 927 2249 Brachantum,
970 2198 1089 2255 cujus
1124 2215 1174 2240 ex
1206 2201 1339 2241 ruinis
1374 2201 1611 2241 coenobium
1650 2213 1751 2240 con-

365 2262 472 2302 didit
514 2262 795 2305 Enhamense.
849 2263 971 2320 Cepit
1013 2271 1056 2305 et
1103 2280 1244 2307 arcem
1288 2266 1595 2317 Gaudensium,
1637 2265 1750 2321 quod

366 2332 548 2366 castrum
578 2328 719 2368 dixere
747 2343 924 2379 novum,
957 2343 1054 2370 cum
1084 2330 1276 2382 Quatuor
1305 2330 1464 2372 officiis.
1488 2330 1590 2370 Haec
1608 2329 1749 2370 omnia

365 2404 452 2431 suae
471 2390 627 2447 adjecit
646 2393 811 2434 ditioni.
834 2393 1021 2449 Philippi
1049 2394 1158 2448 regis
1187 2396 1364 2436 tutelam
1396 2410 1446 2435 ac
1465 2394 1587 2449 regni·
1613 2394 1747 2433 Fran-

1935 2565 1983 2624 {QZ

1723 2626 1971 2681 &Nae

1726 346 1990 410 &aa

1935 399 1989 604 {45³

1932 2419 1986 2630 l
