2372 3082
395 320 473 338 &sss

376 325 549 377 aa&

381 382 432 428 seg

641 331 1339 371 *vv-*mma
1413 346 1416 347 ν
1480 345 1491 347 μ
1701 346 1757 348 rrrrrr
1819 346 1826 348 μ
1925 318 2238 379 W

613 559 658 597 in
688 554 930 596 factitandis
960 552 1098 607 patrio
1130 565 1319 592 sermone
1349 551 1555 591 rithmicis
1587 552 1827 603 cantilenis,
1855 553 2008 593 mirum

612 635 654 661 se
673 624 847 675 praestat
876 616 1099 667 artificem,
1132 617 1232 657 licet
1259 631 1345 656 non
1376 614 1536 671 injuria
1564 615 1738 669 quidam
1759 617 1814 656 ab
1834 617 2008 657 Erasmo

611 691 829 735 taxentur,
877 685 951 739 qui
993 684 1207 726 lasciviam
1254 684 1335 723 illis
1373 682 1659 722 intermiscere
1694 681 1844 722 solent.
1893 683 2010 723 Inter

610 749 839 805 hydraulas
879 762 996 800 vero,
1052 749 1184 788 dictos
1233 749 1357 801 vulgo
1398 746 1652 800 organistam,
1697 745 2011 787 celeberrimam

609 816 773 855 obtinet
793 814 950 853 famam
970 814 1121 869 Brugis
1152 815 1207 854 ad
1230 814 1415 867 Virginis
1439 812 1622 852 Jacobus
1644 811 1811 862 Caecus,
1840 811 1894 850 ab
1911 825 2012 851 ocu-

607 880 745 919 lorum
761 878 857 918 labe
872 892 1108 931 cognomen
1131 880 1314 920 sortitus.
1343 880 1548 930 Pictores,
1575 879 1823 933 sculptores,
1851 883 2013 918 statua-

607 945 775 998 riosque
805 943 957 997 Brugis
992 950 1112 984 tanto
1144 959 1258 985 nunc
1293 945 1434 986 videas
1467 944 1661 998 ingenio,
1694 949 1742 983 ut
1776 957 1928 998 parum
1959 943 2014 983 ad

607 1011 779 1051 modum
794 1011 944 1065 priscae
966 1011 1033 1063 (ut
1053 1010 1215 1065 ferunt)
1233 1012 1468 1051 concedant
1489 1011 1590 1060 arti,
1617 1016 1744 1063 atque
1764 1011 1809 1049 in
1830 1009 2010 1049 Daniam

605 1076 962 1130 Norvegiamque,
1009 1081 1051 1114 et
1096 1077 1199 1116 alias
1246 1076 1445 1131 sepositas
1489 1075 1678 1129 regiones
1725 1075 1827 1114 artis
1873 1075 2011 1127 gratia

606 1140 812 1196 plaerique
832 1144 1071 1179 evocentur.
1098 1140 1304 1194 Norvegia
1324 1141 1442 1194 ligna
1462 1140 1593 1179 mittit
1617 1153 1714 1193 quae
1734 1139 1779 1178 in
1800 1138 2009 1178 nobilissi-

606 1220 677 1245 ma
715 1203 946 1244 materiarii
991 1205 1123 1244 nostri
1169 1205 1376 1258 adaptant
1412 1219 1554 1258 opera.
1595 1204 1735 1243 Scotia
1770 1209 1887 1243 extra
1927 1205 2010 1243 alia
2040 1249 2042 1251 ,

604 1272 768 1319 lanam,
808 1269 959 1323 pisces,
1000 1275 1041 1309 et
1077 1271 1237 1310 corium
1268 1270 1484 1324 importat.
1524 1267 1587 1307 Ea
1615 1281 1662 1306 ex
1699 1268 1798 1308 lana
1827 1267 2010 1321 Bergani

605 1334 810 1390 imprimis
841 1340 883 1374 et
913 1335 1065 1374 horum
1101 1336 1228 1376 vicini
1265 1333 1574 1374 Hondescotani
1614 1347 1804 1387 pannum
1839 1338 2008 1372 tenuem

607 1401 770 1455 (sayam
804 1403 1000 1455 vocant),
1033 1401 1264 1441 conficiunt
1293 1400 1568 1453 venduntque
1600 1400 1789 1453 gentium
1819 1400 2008 1439 omnium

607 1466 925 1515 mercatoribus.
950 1467 1106 1506 Verum
1129 1466 1280 1521 Brugis
1307 1471 1349 1505 et
1371 1465 1528 1504 Insulae
1549 1464 1690 1504 videre
1710 1465 1809 1504 licet
1830 1464 2007 1503 sericum

606 1529 726 1570 filum
771 1544 821 1569 ex
861 1530 1066 1584 Hispania
1106 1531 1282 1570 allatum
1329 1531 1504 1570 tractari
1548 1531 1736 1584 telasque
1784 1544 1833 1570 ac
1877 1536 2007 1569 vestes

606 1595 869 1635 tenuissimas
890 1596 989 1636 inde
1005 1597 1184 1636 contexi.
1211 1597 1324 1649 Quin
1345 1598 1472 1637 etiam
1493 1596 1740 1637 vermiculos
1762 1609 1865 1649 quos
1883 1595 2006 1635 bom-

607 1661 720 1701 bices
739 1663 964 1702 nominant
979 1663 1024 1702 in
1046 1663 1210 1703 eosdem
1230 1663 1384 1703 nutriri
1403 1678 1520 1713 usus,
1544 1668 1592 1702 ut
1613 1661 1817 1717 ejusmodi
1835 1661 2006 1701 ordian-

607 1733 677 1767 tur
710 1728 830 1767 telas.
869 1728 1053 1768 Holandi
1088 1730 1199 1769 inter
1232 1730 1317 1769 alia
1354 1743 1501 1784 equos,
1541 1728 1781 1777 cervisiam,
1819 1729 2008 1783 telasque

608 1793 754 1833 lineas.
804 1793 927 1832 Frisii
972 1795 1258 1848 Normanique
1303 1795 1426 1834 boves
1471 1792 1689 1833 adducunt
1731 1793 1921 1847 quamvis
1967 1800 2008 1833 et

608 1859 729 1898 nohis
751 1859 1073 1898 domesticorum
1095 1865 1382 1899 armentorum
1402 1857 1618 1896 uberrima
1639 1857 1692 1896 sit
1711 1857 1884 1908 foetura,
1906 1859 2008 1898 mul-

608 1928 756 1976 tosque
777 1937 827 1963 ac
848 1923 1153 1977 pulcherrimos
1184 1923 1331 1977 gignat
1356 1924 1387 1963 F
1391 1923 1559 1963 landria
1588 1923 1834 1976 nutriatque
1854 1937 2003 1977 equos,

564 1994 567 1996 ’
607 2002 788 2042 quorum
817 1989 973 2028 bonam
1004 1988 1054 2027 de
1085 1988 1204 2027 nobis
1231 1994 1394 2042 partem
1425 1987 1536 2028 Galli
1559 2001 1712 2042 magno
1740 1988 1818 2027 sibi
1843 2002 2007 2043 compa-

607 2057 704 2091 rant
739 2052 889 2106 pretio.
931 2052 1138 2106 Butyrum
1173 2052 1274 2091 item
1309 2066 1335 2091 a
1365 2051 1507 2091 Frisiis
1538 2052 1766 2106 accipimus
1797 2053 2007 2105 ungendae

607 2119 732 2158 lanae.
768 2117 880 2159 Coelo
911 2118 1090 2172 ubique,
1125 2118 1284 2172 absque
1315 2118 1525 2157 maritimo
1548 2118 1662 2172 quod
1682 2124 1742 2157 est
1763 2118 1888 2172 paulo
1910 2133 2007 2172 gra-

607 2182 718 2234 vius,
754 2184 949 2223 clementi
981 2198 1031 2223 ac
1065 2184 1224 2223 salubri
1253 2183 1522 2238 perfruimur.
1556 2183 1687 2224 Terra
1708 2184 1856 2225 veteris
1880 2185 2005 2225 etiam

608 2263 723 2289 nunc
775 2249 901 2304 sylvae
947 2250 1101 2289 retinet
1150 2250 1354 2304 speciem,
1409 2249 1617 2304 sylvisque
1674 2249 1888 2290 nonnullis
1931 2265 2005 2291 sua

611 2315 843 2368 peculiaria
864 2322 1038 2356 manent
1066 2317 1257 2366 nomina,
1288 2323 1336 2356 ut
1360 2316 1537 2370 Niepiae,
1566 2315 1816 2366 Baliolanae,
1843 2315 2003 2355 Vinda-

611 2379 722 2430 licae,
757 2380 916 2421 Veteris
947 2381 1099 2423 Hulsti.
1131 2381 1246 2421 Inter
1278 2388 1438 2422 montes
1460 2381 1671 2420 numerari
1691 2385 1864 2434 possunt
1885 2380 2001 2419 Mons

2170 2617 2176 2626 Γ
2187 2604 2196 2613 ἢ
2216 2618 2225 2626 v·

1968 2612 2198 2668 &4

2200 2556 2236 2619 EQ
2206 2404 2222 2538 *s
2207 1492 2214 2392 mmm„-

2182 2617 2236 2665 §a
