2372 3082
380 328 428 359 ve}
1979 322 2244 367 &⁶0

381 326 1977 395 &Qae——Qfflfflm
2093 347 2244 394 252&ss

379 384 434 596 l

859 556 951 586 Arida
973 557 1062 595 gleba
1084 556 1154 585 foco
1177 557 1264 586 siccis
1286 557 1387 586 excisa
1411 556 1555 585 marescis

860 606 961 635 Multis
985 607 1067 645 sylva
1088 607 1163 635 locis
1185 607 1259 636 facit
1281 607 1438 641 umbram,
1461 606 1550 634 vinea
1573 614 1724 643 nusquam
1738 628 1746 641 ,

861 654 1015 693 Indigenis
1039 659 1128 694 potus
1151 656 1260 684 tethidi
1284 656 1429 684 miscetur
1451 664 1547 683 avena

862 704 899 732 Ut
921 705 987 733 vice
1008 704 1046 732 sit
1068 704 1131 732 vini
1155 705 1251 733 multo
1274 704 1413 733 confecta
1434 704 1540 732 labore

861 752 960 781 Rebus
983 757 1013 781 et
1034 758 1146 781 ornatu
1169 753 1386 782 diversicolore
1408 751 1553 790 refulget.

670 882 860 921 Primum
881 880 1069 920 omnium
1096 881 1243 922 avulsa
1263 886 1325 921 est
1345 895 1370 921 a
1392 881 1601 921 Flandriis
1622 881 1833 932 Bononia,
1859 882 2010 922 deinde

613 946 779 986 circiter
828 945 971 985 salutis
1017 960 1176 985 annum
1212 946 1255 985 M
1282 946 1353 986 DC
1384 946 1477 996 XC,
1518 944 1738 987 Atrebates
1788 961 1884 987 cum
1922 953 2010 986 toto

614 1012 798 1062 Artesio3
831 1012 877 1050 in
906 1024 991 1064 quo
1018 1016 1117 1050 sunt
1140 1012 1297 1065 oppida
1323 1011 1570 1060 Taruanna,
1601 1012 1767 1052 Fanum
1788 1012 2004 1063 Odomari,

614 1077 736 1127 Aria,
756 1076 985 1116 Hesdinum
995 1106 1006 1125 ,
1028 1075 1231 1126 Betunea,
1251 1076 1486 1130 Bapalmae,
1508 1077 1664 1127 Leusa‚
1684 1078 1848 1118 Fanum
1866 1078 2005 1128 Pauli,

613 1144 930 1196 Comitatusque
951 1139 1255 1181 Gesoriacensis
1276 1142 1320 1181 in
1342 1155 1426 1195 quo
1451 1140 1674 1182 Calesium.
1704 1142 1805 1182 Haec
1829 1143 1874 1182 in
1899 1143 2009 1182 occi-

614 1208 739 1248 dente
772 1205 1031 1262 principatui
1061 1205 1286 1245 Flandrico
1321 1206 1549 1255 decessere,
1585 1222 1661 1260 pro
1693 1208 1846 1262 quibus
1877 1208 2011 1246 eidem

613 1273 668 1312 ad
717 1273 921 1312 orientem
962 1268 1193 1309 Comitatus
1234 1270 1480 1319 Alostanus‚
1523 1271 1655 1311 Terra
1689 1272 1921 1312 Wasiensis
1962 1286 2011 1312 ac

612 1339 768 1378 Insulae
804 1335 1042 1377 zelandicae
1074 1335 1198 1375 dictae
1219 1337 1319 1376 olim
1346 1336 1593 1376 Arborichae
1616 1351 1837 1377 accessere.
1873 1337 2011 1377 Trifa-

614 1404 722 1443 riam
752 1407 892 1441 autem
923 1401 1125 1441 Flandria
1153 1403 1374 1452 dividitur,
1407 1403 1451 1442 in
1483 1403 1842 1457 Flamfflgantem,
1877 1403 2011 1444 Galli-

615 1474 801 1517 cantem,
830 1473 876 1509 et
902 1467 1183 1520 Imperialern.
1222 1468 1494 1521 Flamingans
1523 1469 1578 1508 ab
1614 1474 1710 1508 ortu
1740 1469 1785 1507 in
1817 1483 2010 1508 occasum

614 1538 806 1588 porrecta
826 1533 880 1572 ab
905 1532 1065 1571 oriente
1090 1532 1301 1582 Scaldem,
1331 1547 1357 1571 a
1381 1533 1552 1572 meridie
1574 1533 1748 1572 fluvium
1774 1533 1932 1582 Lisam‚
1956 1533 2010 1572 ab

614 1612 763 1637 occasu
793 1597 952 1638 Novam
978 1595 1129 1637 fossam
1156 1603 1198 1637 et
1225 1597 1455 1647 Artesium,
1486 1597 1540 1637 ab
1567 1597 1850 1651 septentrione
1877 1596 2010 1637 Ocea-

613 1678 716 1704 num
736 1663 867 1703 habet
888 1676 1019 1702 mare.
1044 1661 1336 1703 Cortracenses
1366 1669 1507 1702 tamen
1539 1662 1696 1717 partim
1724 1667 1843 1701 trans
1871 1662 2011 1701 Lisam

613 1729 851 1768 Tornacum
874 1742 1014 1768 versus
1030 1728 1222 1768 incolunt
1238 1728 1374 1768 habiti
1391 1742 1534 1767 onmes
1551 1728 1662 1767 inter
1677 1727 2006 1781 Flamingantes.

615 1792 846 1832 Aldenardi
872 1794 974 1832 item
999 1793 1044 1832 in
1064 1799 1201 1832 totum
1221 1799 1338 1832 trans
1359 1793 1499 1832 Lisam
1520 1793 1680 1832 Scaldis
1702 1792 1885 1847 impositi
1907 1792 2011 1846 ripae

614 1859 763 1912 lingua
781 1859 1013 1898 Teutonica
1030 1865 1208 1898 utuntur
1229 1873 1386 1897 omnes.
1413 1857 1578 1897 Gallica
1599 1858 1802 1896 Flandria
1823 1857 2011 1896 continet

613 1925 738 1964 hodie
758 1925 1017 1973 Tornacum,
1042 1923 1206 1962 Fanum
1230 1923 1433 1972 Amandi,
1459 1922 1666 1972 Insulam,
1692 1922 1903 1969 Duacum,
1929 1921 2010 1960 Or-

563 1986 565 1988 *
614 1990 829 2039 chiacum,
863 1995 905 2029 et
935 1989 1259 2043 Armentyriam.
1299 1989 1400 2028 Haec
1430 1989 1591 2028 Gallieo
1627 1987 1761 2027 utitur
1797 1999 2005 2034 sermone,

614 2056 827 2109 habetque
862 2055 917 2094 ab
952 2060 1046 2093 ortu
1082 2054 1296 2103 scaldem,
1329 2069 1354 2093 a
1383 2053 1556 2093 meridie
1588 2050 1921 2099 Veromanduos‚
1955 2049 2009 2089 ab

615 2134 764 2160 occasu
791 2119 1028 2169 Atrebates,
1057 2118 1110 2157 ab
1136 2119 1418 2172 septentrione
1444 2119 1583 2157 Lisam
1610 2132 1659 2157 ao
1684 2117 1887 2156 Flandros
1916 2130 2010 2169 ger-

616 2186 816 2225 manicos.
852 2183 1085 2239 Imperialis
1117 2184 1337 2234 Flandria,
1370 2198 1420 2223 ea
1450 2189 1511 2223 est
1543 2197 1640 2237 quae
1670 2188 1786 2221 trans
1818 2181 2010 2220 Soaldem

617 2250 791 2304 imperio
825 2249 1066 2305 subjicitur,
1091 2248 1333 2288 Brabantiae
1352 2248 1553 2297 finitima,
1578 2248 1678 2286 olim
1700 2246 2003 2295 Brachantum,

618 2330 733 2355 nunc
763 2316 876 2356 dicta
908 2321 1022 2355 terra
1058 2314 1304 2366 Alostensis,
1342 2329 1470 2370 pagos
1506 2315 1723 2368 complexa
1760 2319 1929 2353 eentum
1965 2317 2007 2351 et

619 2382 887 2436 septuaginta
915 2395 1011 2421 cum
1038 2380 1192 2435 oppido
1220 2381 1367 2422 Ninive
1396 2387 1523 2435 atque
1553 2393 1655 2434 agro
1686 2378 1999 2421 Rotselariensi.

2184 2492 2238 2593 sss

2202 2583 2216 2599 Ὠ

2154 2609 2162 2615 κ
2189 2601 2199 2609 0
2226 2605 2231 2609 <

1498 2636 1525 2639 ..Α
1753 2635 1760 2637 t
1791 2635 1820 2637 ff*
1972 2609 2241 2664 &3313

2144 2652 2155 2663 s
2186 2647 2241 2662 πύξ-’Λή
