<?xml version="1.0" encoding="UTF-8"?>
<!DOCTYPE html PUBLIC "-//W3C//DTD XHTML 1.0 Transitional//EN"
    "http://www.w3.org/TR/xhtml1/DTD/xhtml1-transitional.dtd">
<html xmlns="http://www.w3.org/1999/xhtml" xml:lang="en" lang="en">
 <head>
  <title>
</title>
<meta http-equiv="Content-Type" content="text/html;charset=utf-8" />
  <meta name='ocr-system' content='tesseract 3.04.00' />
  <meta name='ocr-capabilities' content='ocr_page ocr_carea ocr_par ocr_line ocrx_word'/>
</head>
<body>
  <div class='ocr_page' id='page_1' title='image "./rerumflandricaru00meye_0173.png"; bbox 0 0 2372 3082; ppageno 0'>
   <div class='ocr_carea' id='block_1_1' title="bbox 175 407 206 437">
    <p class='ocr_par' dir='ltr' id='par_1_1' title="bbox 175 407 206 437">
     <span class='ocr_line' id='line_1_1' title="bbox 175 407 206 437; baseline 0 -17"><span class='ocrx_word' id='word_1_1' title='bbox 175 407 206 437; x_wconf 52' lang='grc' dir='ltr'>ἃ(</span> 
     </span>
    </p>
   </div>
   <div class='ocr_carea' id='block_1_2' title="bbox 154 406 174 431">
    <p class='ocr_par' dir='ltr' id='par_1_2' title="bbox 154 406 174 431">
     <span class='ocr_line' id='line_1_2' title="bbox 154 406 174 431; textangle 90"><span class='ocrx_word' id='word_1_2' title='bbox 154 406 174 431; x_wconf 52' lang='lat'>⁸5³</span> 
     </span>
    </p>
   </div>
   <div class='ocr_carea' id='block_1_3' title="bbox 167 423 1785 634">
    <p class='ocr_par' dir='ltr' id='par_1_3' title="bbox 167 423 1785 634">
     <span class='ocr_line' id='line_1_3' title="bbox 167 423 1785 634; baseline 0 -12"><span class='ocrx_word' id='word_1_3' title='bbox 167 423 207 614; x_wconf 39' lang='grc' dir='ltr'>ζῆ</span> <span class='ocrx_word' id='word_1_4' title='bbox 392 585 653 633; x_wconf 50' lang='lat' dir='ltr'>&amp;enuntiatum</span> <span class='ocrx_word' id='word_1_5' title='bbox 674 585 875 632; x_wconf 65' lang='lat' dir='ltr'>primigenio</span> <span class='ocrx_word' id='word_1_6' title='bbox 894 584 1053 623; x_wconf 61' lang='lat' dir='ltr'>:loannis</span> <span class='ocrx_word' id='word_1_7' title='bbox 1074 584 1258 634; x_wconf 57' lang='lat' dir='ltr'>fijantssnmi</span> <span class='ocrx_word' id='word_1_8' title='bbox 1282 586 1516 634; x_wconf 66' lang='lat' dir='ltr'>luhimaqiztri</span> <span class='ocrx_word' id='word_1_9' title='bbox 1534 585 1785 623; x_wconf 67' lang='grc' dir='ltr'>(Ιῑιιτῐταεειῐθίσ</span> 
     </span>
    </p>
   </div>
   <div class='ocr_carea' id='block_1_4' title="bbox 1042 355 2019 410">
    <p class='ocr_par' dir='ltr' id='par_1_4' title="bbox 1042 355 2019 410">
     <span class='ocr_line' id='line_1_4' title="bbox 1042 355 2019 410; baseline 0.017 -17"><span class='ocrx_word' id='word_1_10' title='bbox 1042 365 1718 404; x_wconf 73' lang='lat'><strong>(139)-—-——-————</strong></span> <span class='ocrx_word' id='word_1_11' title='bbox 1757 355 2019 410; x_wconf 33' lang='lat' dir='ltr'>&amp;iffi</span> 
     </span>
    </p>
   </div>
   <div class='ocr_carea' id='block_1_5' title="bbox 743 641 1426 690">
    <p class='ocr_par' dir='ltr' id='par_1_5' title="bbox 743 641 1426 690">
     <span class='ocr_line' id='line_1_5' title="bbox 743 641 1426 690; baseline 0.003 -12"><span class='ocrx_word' id='word_1_12' title='bbox 743 652 815 678; x_wconf 77' lang='lat' dir='ltr'>cnm</span> <span class='ocrx_word' id='word_1_13' title='bbox 840 641 1003 689; x_wconf 63' lang='lat' dir='ltr'>temporis</span> <span class='ocrx_word' id='word_1_14' title='bbox 1030 652 1069 679; x_wconf 75' lang='lat' dir='ltr'>at</span> <span class='ocrx_word' id='word_1_15' title='bbox 1095 642 1161 679; x_wconf 76' lang='lat' dir='ltr'>luti</span> <span class='ocrx_word' id='word_1_16' title='bbox 1186 642 1426 690; x_wconf 62' lang='lat' dir='ltr'>beatriptiune.</span> 
     </span>
    </p>
   </div>
   <div class='ocr_carea' id='block_1_6' title="bbox 575 780 1505 2406">
    <p class='ocr_par' dir='ltr' id='par_1_6' title="bbox 575 780 1446 878">
     <span class='ocr_line' id='line_1_6' title="bbox 575 780 1446 825; baseline 0.002 -13"><span class='ocrx_word' id='word_1_17' title='bbox 575 782 728 813; x_wconf 71' lang='lat' dir='ltr'>Renmmr</span> <span class='ocrx_word' id='word_1_18' title='bbox 753 780 961 813; x_wconf 82' lang='lat' dir='ltr'>Hantsamum</span> <span class='ocrx_word' id='word_1_19' title='bbox 990 780 1103 824; x_wconf 76' lang='lat' dir='ltr'>conjux</span> <span class='ocrx_word' id='word_1_20' title='bbox 1131 780 1261 813; x_wconf 80' lang='lat' dir='ltr'>[sabella</span> <span class='ocrx_word' id='word_1_21' title='bbox 1284 786 1446 825; x_wconf 84' lang='lat' dir='ltr'>parentem</span> 
     </span>
     <span class='ocr_line' id='line_1_7' title="bbox 624 831 1366 878; baseline -0.003 -12"><span class='ocrx_word' id='word_1_22' title='bbox 624 835 712 866; x_wconf 83' lang='lat' dir='ltr'>[nter</span> <span class='ocrx_word' id='word_1_23' title='bbox 736 838 906 866; x_wconf 79' lang='lat' dir='ltr'>summates</span> <span class='ocrx_word' id='word_1_24' title='bbox 934 844 1057 878; x_wconf 82' lang='lat' dir='ltr'>semper</span> <span class='ocrx_word' id='word_1_25' title='bbox 1081 831 1223 865; x_wconf 81' lang='lat' dir='ltr'>habenda</span> <span class='ocrx_word' id='word_1_26' title='bbox 1250 844 1366 872; x_wconf 79' lang='lat' dir='ltr'>nurus,</span> 
     </span>
    </p>

    <p class='ocr_par' dir='ltr' id='par_1_7' title="bbox 576 885 1408 972">
     <span class='ocr_line' id='line_1_8' title="bbox 576 885 1326 930; baseline 0 -12"><span class='ocrx_word' id='word_1_27' title='bbox 576 886 718 918; x_wconf 72' lang='lat' dir='ltr'>Primitio</span> <span class='ocrx_word' id='word_1_28' title='bbox 744 890 837 929; x_wconf 84' lang='lat' dir='ltr'>partu</span> <span class='ocrx_word' id='word_1_29' title='bbox 864 886 992 930; x_wconf 78' lang='lat' dir='ltr'>stirpem</span> <span class='ocrx_word' id='word_1_30' title='bbox 1018 889 1067 917; x_wconf 82' lang='lat' dir='ltr'>est</span> <span class='ocrx_word' id='word_1_31' title='bbox 1093 886 1180 918; x_wconf 80' lang='lat' dir='ltr'>enixa</span> <span class='ocrx_word' id='word_1_32' title='bbox 1209 885 1326 918; x_wconf 85' lang='lat' dir='ltr'>virilem</span> 
     </span>
     <span class='ocr_line' id='line_1_9' title="bbox 621 937 1408 972; baseline 0.003 -2"><span class='ocrx_word' id='word_1_33' title='bbox 621 937 759 970; x_wconf 85' lang='lat' dir='ltr'>Candida</span> <span class='ocrx_word' id='word_1_34' title='bbox 786 942 850 970; x_wconf 79' lang='lat' dir='ltr'>tam</span> <span class='ocrx_word' id='word_1_35' title='bbox 877 938 982 971; x_wconf 76' lang='lat' dir='ltr'>laetum</span> <span class='ocrx_word' id='word_1_36' title='bbox 1009 937 1058 970; x_wconf 91' lang='lat' dir='ltr'>dic</span> <span class='ocrx_word' id='word_1_37' title='bbox 1083 937 1159 971; x_wconf 86' lang='lat' dir='ltr'>mihi</span> <span class='ocrx_word' id='word_1_38' title='bbox 1186 949 1273 972; x_wconf 81' lang='lat' dir='ltr'>musa</span> <span class='ocrx_word' id='word_1_39' title='bbox 1305 938 1408 972; x_wconf 82' lang='lat' dir='ltr'>diem?</span> 
     </span>
    </p>

    <p class='ocr_par' dir='ltr' id='par_1_8' title="bbox 577 989 1451 1079">
     <span class='ocr_line' id='line_1_10' title="bbox 577 989 1451 1034; baseline 0.002 -12"><span class='ocrx_word' id='word_1_40' title='bbox 577 989 660 1022; x_wconf 86' lang='lat' dir='ltr'>Mille</span> <span class='ocrx_word' id='word_1_41' title='bbox 688 993 720 1022; x_wconf 84' lang='lat' dir='ltr'>et</span> <span class='ocrx_word' id='word_1_42' title='bbox 747 990 933 1033; x_wconf 79' lang='lat' dir='ltr'>quingentos</span> <span class='ocrx_word' id='word_1_43' title='bbox 961 990 1090 1032; x_wconf 79' lang='lat' dir='ltr'>triginta</span> <span class='ocrx_word' id='word_1_44' title='bbox 1115 995 1242 1034; x_wconf 83' lang='lat' dir='ltr'>tresque</span> <span class='ocrx_word' id='word_1_45' title='bbox 1271 990 1451 1024; x_wconf 81' lang='lat' dir='ltr'>decembres</span> 
     </span>
     <span class='ocr_line' id='line_1_11' title="bbox 620 1041 1397 1079; baseline -0.004 -4"><span class='ocrx_word' id='word_1_46' title='bbox 620 1045 736 1075; x_wconf 85' lang='lat' dir='ltr'>Nostra</span> <span class='ocrx_word' id='word_1_47' title='bbox 760 1042 841 1073; x_wconf 85' lang='lat' dir='ltr'>salus</span> <span class='ocrx_word' id='word_1_48' title='bbox 866 1042 957 1079; x_wconf 78' lang='lat' dir='ltr'>vidit,</span> <span class='ocrx_word' id='word_1_49' title='bbox 990 1042 1038 1074; x_wconf 90' lang='lat' dir='ltr'>dic</span> <span class='ocrx_word' id='word_1_50' title='bbox 1070 1041 1145 1073; x_wconf 85' lang='lat' dir='ltr'>mihi</span> <span class='ocrx_word' id='word_1_51' title='bbox 1174 1051 1261 1072; x_wconf 85' lang='lat' dir='ltr'>musa</span> <span class='ocrx_word' id='word_1_52' title='bbox 1294 1041 1397 1073; x_wconf 76' lang='lat' dir='ltr'>diem?</span> 
     </span>
    </p>

    <p class='ocr_par' dir='ltr' id='par_1_9' title="bbox 578 1093 1402 1193">
     <span class='ocr_line' id='line_1_12' title="bbox 578 1093 1396 1129; baseline -0.004 0"><span class='ocrx_word' id='word_1_53' title='bbox 578 1098 644 1129; x_wconf 83' lang='lat' dir='ltr'>Lux</span> <span class='ocrx_word' id='word_1_54' title='bbox 672 1100 778 1129; x_wconf 77' lang='lat' dir='ltr'>octava</span> <span class='ocrx_word' id='word_1_55' title='bbox 807 1093 866 1127; x_wconf 82' lang='lat' dir='ltr'>fuit</span> <span class='ocrx_word' id='word_1_56' title='bbox 894 1095 1008 1128; x_wconf 83' lang='lat' dir='ltr'>mensis</span> <span class='ocrx_word' id='word_1_57' title='bbox 1038 1099 1102 1127; x_wconf 86' lang='lat' dir='ltr'>tam</span> <span class='ocrx_word' id='word_1_58' title='bbox 1130 1094 1200 1127; x_wconf 82' lang='lat' dir='ltr'>laeta</span> <span class='ocrx_word' id='word_1_59' title='bbox 1223 1093 1396 1127; x_wconf 84' lang='lat' dir='ltr'>decembris</span> 
     </span>
     <span class='ocr_line' id='line_1_13' title="bbox 623 1146 1402 1193; baseline -0.005 -11"><span class='ocrx_word' id='word_1_60' title='bbox 623 1151 660 1182; x_wconf 92' lang='lat' dir='ltr'>ln</span> <span class='ocrx_word' id='word_1_61' title='bbox 691 1159 752 1193; x_wconf 91' lang='lat' dir='ltr'>quo</span> <span class='ocrx_word' id='word_1_62' title='bbox 776 1159 882 1182; x_wconf 91' lang='lat' dir='ltr'>mense</span> <span class='ocrx_word' id='word_1_63' title='bbox 910 1148 970 1182; x_wconf 82' lang='lat' dir='ltr'>fuit</span> <span class='ocrx_word' id='word_1_64' title='bbox 996 1152 1164 1190; x_wconf 83' lang='lat' dir='ltr'>nostraque</span> <span class='ocrx_word' id='word_1_65' title='bbox 1194 1150 1266 1178; x_wconf 84' lang='lat' dir='ltr'>nata</span> <span class='ocrx_word' id='word_1_66' title='bbox 1302 1146 1402 1188; x_wconf 82' lang='lat' dir='ltr'>salus3</span> 
     </span>
    </p>

    <p class='ocr_par' dir='ltr' id='par_1_10' title="bbox 577 1200 1505 1298">
     <span class='ocr_line' id='line_1_14' title="bbox 577 1200 1505 1245; baseline -0.001 -11"><span class='ocrx_word' id='word_1_67' title='bbox 577 1201 699 1234; x_wconf 79' lang='lat' dir='ltr'>Scilicet</span> <span class='ocrx_word' id='word_1_68' title='bbox 726 1205 763 1233; x_wconf 89' lang='lat' dir='ltr'>ut</span> <span class='ocrx_word' id='word_1_69' title='bbox 788 1211 867 1245; x_wconf 90' lang='lat' dir='ltr'>puer</span> <span class='ocrx_word' id='word_1_70' title='bbox 890 1200 939 1233; x_wconf 91' lang='lat' dir='ltr'>hic</span> <span class='ocrx_word' id='word_1_71' title='bbox 963 1212 1019 1245; x_wconf 91' lang='lat' dir='ltr'>per</span> <span class='ocrx_word' id='word_1_72' title='bbox 1044 1204 1187 1243; x_wconf 83' lang='lat' dir='ltr'>tempora</span> <span class='ocrx_word' id='word_1_73' title='bbox 1215 1203 1325 1233; x_wconf 82' lang='lat' dir='ltr'>cuneta</span> <span class='ocrx_word' id='word_1_74' title='bbox 1358 1204 1505 1244; x_wconf 76' lang='lat' dir='ltr'>sequatur</span> 
     </span>
     <span class='ocr_line' id='line_1_15' title="bbox 623 1254 1266 1298; baseline -0.005 -10"><span class='ocrx_word' id='word_1_75' title='bbox 623 1254 798 1288; x_wconf 88' lang='lat' dir='ltr'>Authorem</span> <span class='ocrx_word' id='word_1_76' title='bbox 822 1254 891 1286; x_wconf 68' lang='lat' dir='ltr'>vitae</span> <span class='ocrx_word' id='word_1_77' title='bbox 914 1254 1161 1298; x_wconf 84' lang='lat' dir='ltr'>principiumque</span> <span class='ocrx_word' id='word_1_78' title='bbox 1186 1264 1266 1292; x_wconf 81' lang='lat' dir='ltr'>suae,</span> 
     </span>
    </p>

    <p class='ocr_par' dir='ltr' id='par_1_11' title="bbox 579 1304 1331 1404">
     <span class='ocr_line' id='line_1_16' title="bbox 579 1304 1331 1351; baseline -0.003 -11"><span class='ocrx_word' id='word_1_79' title='bbox 579 1307 696 1351; x_wconf 84' lang='lat' dir='ltr'>lllaque</span> <span class='ocrx_word' id='word_1_80' title='bbox 724 1307 869 1350; x_wconf 72' lang='lat' dir='ltr'>virgineae</span> <span class='ocrx_word' id='word_1_81' title='bbox 897 1307 990 1339; x_wconf 87' lang='lat' dir='ltr'>matri</span> <span class='ocrx_word' id='word_1_82' title='bbox 1020 1307 1071 1339; x_wconf 83' lang='lat' dir='ltr'>lux</span> <span class='ocrx_word' id='word_1_83' title='bbox 1102 1304 1182 1338; x_wconf 81' lang='lat' dir='ltr'>festa</span> <span class='ocrx_word' id='word_1_84' title='bbox 1209 1305 1331 1339; x_wconf 77' lang='lat' dir='ltr'>refulsit</span> 
     </span>
     <span class='ocr_line' id='line_1_17' title="bbox 623 1357 1302 1404; baseline -0.004 -11"><span class='ocrx_word' id='word_1_85' title='bbox 623 1360 761 1404; x_wconf 79' lang='lat' dir='ltr'>Virginis</span> <span class='ocrx_word' id='word_1_86' title='bbox 789 1360 821 1392; x_wconf 89' lang='lat' dir='ltr'>in</span> <span class='ocrx_word' id='word_1_87' title='bbox 854 1360 943 1403; x_wconf 81' lang='lat' dir='ltr'>signo</span> <span class='ocrx_word' id='word_1_88' title='bbox 970 1359 1104 1404; x_wconf 85' lang='lat' dir='ltr'>lunaque</span> <span class='ocrx_word' id='word_1_89' title='bbox 1126 1357 1201 1391; x_wconf 80' lang='lat' dir='ltr'>fecit</span> <span class='ocrx_word' id='word_1_90' title='bbox 1225 1358 1285 1391; x_wconf 87' lang='lat' dir='ltr'>iter</span> <span class='ocrx_word' id='word_1_91' title='bbox 1294 1372 1302 1400; x_wconf 80' lang='lat'><em>3</em></span> 
     </span>
    </p>

    <p class='ocr_par' dir='ltr' id='par_1_12' title="bbox 577 1411 1382 1509">
     <span class='ocr_line' id='line_1_18' title="bbox 577 1411 1382 1456; baseline 0.001 -12"><span class='ocrx_word' id='word_1_92' title='bbox 577 1414 619 1445; x_wconf 89' lang='lat' dir='ltr'>Et</span> <span class='ocrx_word' id='word_1_93' title='bbox 645 1416 735 1456; x_wconf 83' lang='lat' dir='ltr'>pater</span> <span class='ocrx_word' id='word_1_94' title='bbox 762 1412 910 1456; x_wconf 77' lang='lat' dir='ltr'>ingenuas</span> <span class='ocrx_word' id='word_1_95' title='bbox 938 1411 977 1445; x_wconf 85' lang='lat' dir='ltr'>ad</span> <span class='ocrx_word' id='word_1_96' title='bbox 1001 1411 1139 1456; x_wconf 77' lang='lat' dir='ltr'>Virginis</span> <span class='ocrx_word' id='word_1_97' title='bbox 1166 1411 1276 1445; x_wconf 81' lang='lat' dir='ltr'>edocet</span> <span class='ocrx_word' id='word_1_98' title='bbox 1299 1417 1382 1445; x_wconf 85' lang='lat' dir='ltr'>artes</span> 
     </span>
     <span class='ocr_line' id='line_1_19' title="bbox 624 1462 1294 1509; baseline 0.006 -14"><span class='ocrx_word' id='word_1_99' title='bbox 624 1462 794 1496; x_wconf 84' lang='lat' dir='ltr'>Parthenio</span> <span class='ocrx_word' id='word_1_100' title='bbox 818 1463 902 1502; x_wconf 79' lang='lat' dir='ltr'>vico,</span> <span class='ocrx_word' id='word_1_101' title='bbox 934 1463 1163 1509; x_wconf 83' lang='lat' dir='ltr'>Partheniaque</span> <span class='ocrx_word' id='word_1_102' title='bbox 1191 1466 1294 1507; x_wconf 86' lang='lat' dir='ltr'>tribu;</span> 
     </span>
    </p>

    <p class='ocr_par' dir='ltr' id='par_1_13' title="bbox 576 1515 1451 1613">
     <span class='ocr_line' id='line_1_20' title="bbox 576 1515 1451 1562; baseline 0.003 -14"><span class='ocrx_word' id='word_1_103' title='bbox 576 1517 650 1548; x_wconf 88' lang='lat' dir='ltr'>Haec</span> <span class='ocrx_word' id='word_1_104' title='bbox 679 1515 816 1548; x_wconf 86' lang='lat' dir='ltr'>animum</span> <span class='ocrx_word' id='word_1_105' title='bbox 845 1515 953 1547; x_wconf 88' lang='lat' dir='ltr'>mitem</span> <span class='ocrx_word' id='word_1_106' title='bbox 978 1516 1104 1559; x_wconf 79' lang='lat' dir='ltr'>signant</span> <span class='ocrx_word' id='word_1_107' title='bbox 1124 1518 1280 1562; x_wconf 79' lang='lat' dir='ltr'>vitamque</span> <span class='ocrx_word' id='word_1_108' title='bbox 1307 1518 1451 1562; x_wconf 86' lang='lat' dir='ltr'>pudicam</span> 
     </span>
     <span class='ocr_line' id='line_1_21' title="bbox 624 1568 1337 1613; baseline 0 -12"><span class='ocrx_word' id='word_1_109' title='bbox 624 1570 666 1601; x_wconf 83' lang='lat' dir='ltr'>Et</span> <span class='ocrx_word' id='word_1_110' title='bbox 696 1568 833 1613; x_wconf 86' lang='lat' dir='ltr'>placidos</span> <span class='ocrx_word' id='word_1_111' title='bbox 862 1578 965 1601; x_wconf 87' lang='lat' dir='ltr'>mores</span> <span class='ocrx_word' id='word_1_112' title='bbox 992 1569 1212 1613; x_wconf 76' lang='lat' dir='ltr'>ingeniumque</span> <span class='ocrx_word' id='word_1_113' title='bbox 1238 1569 1337 1613; x_wconf 90' lang='lat' dir='ltr'>pium.</span> 
     </span>
    </p>

    <p class='ocr_par' dir='ltr' id='par_1_14' title="bbox 578 1620 1368 1718">
     <span class='ocr_line' id='line_1_22' title="bbox 578 1620 1368 1665; baseline 0 -12"><span class='ocrx_word' id='word_1_114' title='bbox 578 1620 718 1654; x_wconf 91' lang='lat' dir='ltr'>Necdum</span> <span class='ocrx_word' id='word_1_115' title='bbox 745 1620 890 1653; x_wconf 89' lang='lat' dir='ltr'>Chironis</span> <span class='ocrx_word' id='word_1_116' title='bbox 920 1621 965 1653; x_wconf 91' lang='lat' dir='ltr'>sol</span> <span class='ocrx_word' id='word_1_117' title='bbox 992 1621 1124 1665; x_wconf 83' lang='lat' dir='ltr'>liquerat</span> <span class='ocrx_word' id='word_1_118' title='bbox 1149 1631 1261 1654; x_wconf 84' lang='lat' dir='ltr'>aureus</span> <span class='ocrx_word' id='word_1_119' title='bbox 1288 1620 1368 1653; x_wconf 81' lang='lat' dir='ltr'>aedes</span> 
     </span>
     <span class='ocr_line' id='line_1_23' title="bbox 624 1674 1208 1718; baseline 0.002 -11"><span class='ocrx_word' id='word_1_120' title='bbox 624 1674 753 1707; x_wconf 87' lang='lat' dir='ltr'>Artibus</span> <span class='ocrx_word' id='word_1_121' title='bbox 782 1674 910 1718; x_wconf 79' lang='lat' dir='ltr'>insignis</span> <span class='ocrx_word' id='word_1_122' title='bbox 938 1675 1121 1718; x_wconf 80' lang='lat' dir='ltr'>justitiaque</span> <span class='ocrx_word' id='word_1_123' title='bbox 1151 1675 1208 1708; x_wconf 84' lang='lat' dir='ltr'>viri</span> 
     </span>
    </p>

    <p class='ocr_par' dir='ltr' id='par_1_15' title="bbox 579 1727 1505 1827">
     <span class='ocr_line' id='line_1_24' title="bbox 579 1727 1505 1773; baseline 0 -12"><span class='ocrx_word' id='word_1_124' title='bbox 579 1729 688 1761; x_wconf 86' lang='lat' dir='ltr'>Clarus</span> <span class='ocrx_word' id='word_1_125' title='bbox 715 1728 766 1772; x_wconf 85' lang='lat' dir='ltr'>qui</span> <span class='ocrx_word' id='word_1_126' title='bbox 795 1728 931 1761; x_wconf 89' lang='lat' dir='ltr'>medicus</span> <span class='ocrx_word' id='word_1_127' title='bbox 949 1729 1052 1772; x_wconf 84' lang='lat' dir='ltr'>magni</span> <span class='ocrx_word' id='word_1_128' title='bbox 1078 1739 1201 1773; x_wconf 87' lang='lat' dir='ltr'>quoque</span> <span class='ocrx_word' id='word_1_129' title='bbox 1228 1729 1338 1762; x_wconf 90' lang='lat' dir='ltr'>doctor</span> <span class='ocrx_word' id='word_1_130' title='bbox 1365 1727 1505 1761; x_wconf 79' lang='lat' dir='ltr'>Achillis.</span> 
     </span>
     <span class='ocr_line' id='line_1_25' title="bbox 625 1781 1335 1827; baseline -0.004 -12"><span class='ocrx_word' id='word_1_131' title='bbox 625 1783 676 1815; x_wconf 92' lang='lat' dir='ltr'>Bis</span> <span class='ocrx_word' id='word_1_132' title='bbox 705 1787 824 1827; x_wconf 87' lang='lat' dir='ltr'>septem</span> <span class='ocrx_word' id='word_1_133' title='bbox 859 1781 954 1816; x_wconf 88' lang='lat' dir='ltr'>stellis</span> <span class='ocrx_word' id='word_1_134' title='bbox 983 1781 1118 1826; x_wconf 79' lang='lat' dir='ltr'>fulgidus</span> <span class='ocrx_word' id='word_1_135' title='bbox 1142 1785 1226 1813; x_wconf 84' lang='lat' dir='ltr'>astra</span> <span class='ocrx_word' id='word_1_136' title='bbox 1250 1786 1335 1813; x_wconf 89' lang='lat' dir='ltr'>tenet</span> 
     </span>
    </p>

    <p class='ocr_par' dir='ltr' id='par_1_16' title="bbox 578 1834 1392 1932">
     <span class='ocr_line' id='line_1_26' title="bbox 578 1834 1392 1878; baseline 0.001 -12"><span class='ocrx_word' id='word_1_137' title='bbox 578 1835 627 1867; x_wconf 86' lang='lat' dir='ltr'>Sic</span> <span class='ocrx_word' id='word_1_138' title='bbox 653 1839 685 1867; x_wconf 85' lang='lat' dir='ltr'>tu</span> <span class='ocrx_word' id='word_1_139' title='bbox 710 1845 803 1878; x_wconf 86' lang='lat' dir='ltr'>parve</span> <span class='ocrx_word' id='word_1_140' title='bbox 832 1845 909 1878; x_wconf 87' lang='lat' dir='ltr'>puer</span> <span class='ocrx_word' id='word_1_141' title='bbox 936 1838 999 1867; x_wconf 82' lang='lat' dir='ltr'>tam</span> <span class='ocrx_word' id='word_1_142' title='bbox 1029 1834 1107 1867; x_wconf 87' lang='lat' dir='ltr'>raris</span> <span class='ocrx_word' id='word_1_143' title='bbox 1134 1834 1259 1867; x_wconf 90' lang='lat' dir='ltr'>dotibus</span> <span class='ocrx_word' id='word_1_144' title='bbox 1285 1838 1392 1867; x_wconf 81' lang='lat' dir='ltr'>auctus</span> 
     </span>
     <span class='ocr_line' id='line_1_27' title="bbox 624 1887 1219 1932; baseline 0.003 -13"><span class='ocrx_word' id='word_1_145' title='bbox 624 1888 781 1920; x_wconf 82' lang='lat' dir='ltr'>Ascendcs</span> <span class='ocrx_word' id='word_1_146' title='bbox 807 1887 859 1920; x_wconf 77' lang='lat' dir='ltr'>alli</span> <span class='ocrx_word' id='word_1_147' title='bbox 889 1887 1000 1930; x_wconf 77' lang='lat' dir='ltr'>sydera</span> <span class='ocrx_word' id='word_1_148' title='bbox 1026 1888 1107 1921; x_wconf 85' lang='lat' dir='ltr'>clara</span> <span class='ocrx_word' id='word_1_149' title='bbox 1138 1888 1219 1932; x_wconf 90' lang='lat' dir='ltr'>poli,</span> 
     </span>
    </p>

    <p class='ocr_par' dir='ltr' id='par_1_17' title="bbox 578 1939 1398 2027">
     <span class='ocr_line' id='line_1_28' title="bbox 578 1939 1378 1986; baseline 0.004 -14"><span class='ocrx_word' id='word_1_150' title='bbox 578 1939 706 1972; x_wconf 82' lang='lat' dir='ltr'>Foedcre</span> <span class='ocrx_word' id='word_1_151' title='bbox 739 1941 862 1973; x_wconf 77' lang='lat' dir='ltr'>firmato</span> <span class='ocrx_word' id='word_1_152' title='bbox 891 1951 997 1984; x_wconf 85' lang='lat' dir='ltr'>pacem</span> <span class='ocrx_word' id='word_1_153' title='bbox 1031 1942 1078 1985; x_wconf 88' lang='lat' dir='ltr'>pia</span> <span class='ocrx_word' id='word_1_154' title='bbox 1111 1953 1207 1986; x_wconf 74' lang='lat' dir='ltr'>regna</span> <span class='ocrx_word' id='word_1_155' title='bbox 1235 1942 1378 1975; x_wconf 85' lang='lat' dir='ltr'>colebant</span> 
     </span>
     <span class='ocr_line' id='line_1_29' title="bbox 623 1993 1398 2027; baseline 0.001 -2"><span class='ocrx_word' id='word_1_156' title='bbox 623 1994 758 2026; x_wconf 88' lang='lat' dir='ltr'>Tantum</span> <span class='ocrx_word' id='word_1_157' title='bbox 789 1995 891 2026; x_wconf 83' lang='lat' dir='ltr'>Turca</span> <span class='ocrx_word' id='word_1_158' title='bbox 920 1993 1004 2026; x_wconf 79' lang='lat' dir='ltr'>serus</span> <span class='ocrx_word' id='word_1_159' title='bbox 1029 1994 1156 2027; x_wconf 81' lang='lat' dir='ltr'>Caesaris</span> <span class='ocrx_word' id='word_1_160' title='bbox 1185 1993 1283 2026; x_wconf 85' lang='lat' dir='ltr'>hostis</span> <span class='ocrx_word' id='word_1_161' title='bbox 1309 1998 1398 2026; x_wconf 86' lang='lat' dir='ltr'>erat:</span> 
     </span>
    </p>

    <p class='ocr_par' dir='ltr' id='par_1_18' title="bbox 579 2046 1388 2142">
     <span class='ocr_line' id='line_1_30' title="bbox 579 2046 1388 2090; baseline 0.001 -13"><span class='ocrx_word' id='word_1_162' title='bbox 579 2046 664 2078; x_wconf 82' lang='lat' dir='ltr'>Pacis</span> <span class='ocrx_word' id='word_1_163' title='bbox 692 2051 813 2078; x_wconf 81' lang='lat' dir='ltr'>amator</span> <span class='ocrx_word' id='word_1_164' title='bbox 842 2047 901 2078; x_wconf 83' lang='lat' dir='ltr'>erit</span> <span class='ocrx_word' id='word_1_165' title='bbox 929 2057 1006 2089; x_wconf 84' lang='lat' dir='ltr'>puer</span> <span class='ocrx_word' id='word_1_166' title='bbox 1036 2046 1084 2079; x_wconf 89' lang='lat' dir='ltr'>hic</span> <span class='ocrx_word' id='word_1_167' title='bbox 1104 2047 1250 2089; x_wconf 76' lang='lat' dir='ltr'>jugisque</span> <span class='ocrx_word' id='word_1_168' title='bbox 1278 2047 1388 2090; x_wconf 86' lang='lat' dir='ltr'>quietis</span> 
     </span>
     <span class='ocr_line' id='line_1_31' title="bbox 625 2097 1334 2142; baseline 0.006 -14"><span class='ocrx_word' id='word_1_169' title='bbox 625 2098 760 2129; x_wconf 88' lang='lat' dir='ltr'>Tantum</span> <span class='ocrx_word' id='word_1_170' title='bbox 792 2108 860 2130; x_wconf 87' lang='lat' dir='ltr'>cum</span> <span class='ocrx_word' id='word_1_171' title='bbox 894 2098 976 2129; x_wconf 69' lang='lat' dir='ltr'>viciis</span> <span class='ocrx_word' id='word_1_172' title='bbox 1004 2097 1096 2130; x_wconf 85' lang='lat' dir='ltr'>sortia</span> <span class='ocrx_word' id='word_1_173' title='bbox 1125 2099 1204 2131; x_wconf 87' lang='lat' dir='ltr'>bella</span> <span class='ocrx_word' id='word_1_174' title='bbox 1234 2104 1334 2142; x_wconf 73' lang='lat' dir='ltr'>geret.</span> 
     </span>
    </p>

    <p class='ocr_par' dir='ltr' id='par_1_19' title="bbox 580 2150 1354 2248">
     <span class='ocr_line' id='line_1_32' title="bbox 580 2150 1309 2194; baseline 0.005 -13"><span class='ocrx_word' id='word_1_175' title='bbox 580 2150 708 2182; x_wconf 79' lang='lat' dir='ltr'>Carolus</span> <span class='ocrx_word' id='word_1_176' title='bbox 739 2150 883 2194; x_wconf 77' lang='lat' dir='ltr'>Hispanis</span> <span class='ocrx_word' id='word_1_177' title='bbox 908 2152 999 2182; x_wconf 83' lang='lat' dir='ltr'>vitam</span> <span class='ocrx_word' id='word_1_178' title='bbox 1028 2150 1160 2194; x_wconf 73' lang='lat' dir='ltr'>degebat</span> <span class='ocrx_word' id='word_1_179' title='bbox 1187 2152 1218 2185; x_wconf 93' lang='lat' dir='ltr'>in</span> <span class='ocrx_word' id='word_1_180' title='bbox 1246 2153 1309 2185; x_wconf 87' lang='lat' dir='ltr'>oris</span> 
     </span>
     <span class='ocr_line' id='line_1_33' title="bbox 626 2201 1354 2248; baseline 0.005 -15"><span class='ocrx_word' id='word_1_181' title='bbox 626 2201 776 2234; x_wconf 82' lang='lat' dir='ltr'>Mandans</span> <span class='ocrx_word' id='word_1_182' title='bbox 803 2212 958 2245; x_wconf 69' lang='lat' dir='ltr'>germanae</span> <span class='ocrx_word' id='word_1_183' title='bbox 992 2202 1114 2246; x_wconf 79' lang='lat' dir='ltr'>Belgica</span> <span class='ocrx_word' id='word_1_184' title='bbox 1143 2209 1265 2248; x_wconf 84' lang='lat' dir='ltr'>sceptra</span> <span class='ocrx_word' id='word_1_185' title='bbox 1293 2214 1354 2236; x_wconf 85' lang='lat' dir='ltr'>suae</span> 
     </span>
    </p>

    <p class='ocr_par' dir='ltr' id='par_1_20' title="bbox 580 2253 1414 2352">
     <span class='ocr_line' id='line_1_34' title="bbox 580 2253 1414 2298; baseline 0.005 -13"><span class='ocrx_word' id='word_1_186' title='bbox 580 2253 629 2285; x_wconf 86' lang='lat' dir='ltr'>Sic</span> <span class='ocrx_word' id='word_1_187' title='bbox 658 2254 827 2286; x_wconf 83' lang='lat' dir='ltr'>Hantsame</span> <span class='ocrx_word' id='word_1_188' title='bbox 855 2259 945 2298; x_wconf 84' lang='lat' dir='ltr'>pater</span> <span class='ocrx_word' id='word_1_189' title='bbox 968 2254 1071 2298; x_wconf 86' lang='lat' dir='ltr'>proles</span> <span class='ocrx_word' id='word_1_190' title='bbox 1100 2260 1151 2288; x_wconf 80' lang='lat' dir='ltr'>tua</span> <span class='ocrx_word' id='word_1_191' title='bbox 1180 2257 1310 2289; x_wconf 77' lang='lat' dir='ltr'>maxima</span> <span class='ocrx_word' id='word_1_192' title='bbox 1339 2260 1414 2288; x_wconf 84' lang='lat' dir='ltr'>natu</span> 
     </span>
     <span class='ocr_line' id='line_1_35' title="bbox 627 2306 1405 2352; baseline 0.003 -13"><span class='ocrx_word' id='word_1_193' title='bbox 627 2306 758 2339; x_wconf 85' lang='lat' dir='ltr'>Provida</span> <span class='ocrx_word' id='word_1_194' title='bbox 785 2307 906 2340; x_wconf 85' lang='lat' dir='ltr'>curabit</span> <span class='ocrx_word' id='word_1_195' title='bbox 933 2318 1059 2352; x_wconf 82' lang='lat' dir='ltr'>remque</span> <span class='ocrx_word' id='word_1_196' title='bbox 1086 2307 1273 2351; x_wconf 86' lang='lat' dir='ltr'>domumque</span> <span class='ocrx_word' id='word_1_197' title='bbox 1301 2312 1405 2347; x_wconf 83' lang='lat' dir='ltr'>tuam,</span> 
     </span>
    </p>

    <p class='ocr_par' dir='ltr' id='par_1_21' title="bbox 581 2359 1333 2406">
     <span class='ocr_line' id='line_1_36' title="bbox 581 2359 1333 2406; baseline 0.004 -15"><span class='ocrx_word' id='word_1_198' title='bbox 581 2361 621 2391; x_wconf 85' lang='lat' dir='ltr'>Et</span> <span class='ocrx_word' id='word_1_199' title='bbox 646 2359 705 2392; x_wconf 82' lang='lat' dir='ltr'>suit</span> <span class='ocrx_word' id='word_1_200' title='bbox 730 2360 779 2393; x_wconf 89' lang='lat' dir='ltr'>ille</span> <span class='ocrx_word' id='word_1_201' title='bbox 805 2360 869 2394; x_wconf 87' lang='lat' dir='ltr'>dies</span> <span class='ocrx_word' id='word_1_202' title='bbox 898 2362 1064 2406; x_wconf 80' lang='lat' dir='ltr'>inscriptus</span> <span class='ocrx_word' id='word_1_203' title='bbox 1089 2362 1211 2394; x_wconf 90' lang='lat' dir='ltr'>nomine</span> <span class='ocrx_word' id='word_1_204' title='bbox 1240 2363 1333 2394; x_wconf 84' lang='lat' dir='ltr'>Lunae</span> 
     </span>
    </p>
   </div>
   <div class='ocr_carea' id='block_1_7' title="bbox 628 2413 2013 2639">
    <p class='ocr_par' dir='ltr' id='par_1_22' title="bbox 628 2413 2013 2639">
     <span class='ocr_line' id='line_1_37' title="bbox 628 2413 1372 2457; baseline 0.003 -12"><span class='ocrx_word' id='word_1_205' title='bbox 628 2413 703 2453; x_wconf 85' lang='lat' dir='ltr'>Quae</span> <span class='ocrx_word' id='word_1_206' title='bbox 732 2424 816 2446; x_wconf 87' lang='lat' dir='ltr'>mare</span> <span class='ocrx_word' id='word_1_207' title='bbox 838 2424 905 2457; x_wconf 85' lang='lat' dir='ltr'>quae</span> <span class='ocrx_word' id='word_1_208' title='bbox 933 2419 1030 2446; x_wconf 86' lang='lat' dir='ltr'>terras</span> <span class='ocrx_word' id='word_1_209' title='bbox 1059 2413 1116 2447; x_wconf 90' lang='lat' dir='ltr'>sub</span> <span class='ocrx_word' id='word_1_210' title='bbox 1144 2413 1259 2447; x_wconf 85' lang='lat' dir='ltr'>ditione</span> <span class='ocrx_word' id='word_1_211' title='bbox 1287 2419 1372 2448; x_wconf 86' lang='lat' dir='ltr'>tenet</span> 
     </span>
     <span class='ocr_line' id='line_1_38' title="bbox 1959 2431 2013 2639; baseline 0 -1"><span class='ocrx_word' id='word_1_212' title='bbox 1959 2431 2013 2639; x_wconf 43' lang='lat' dir='ltr'>§Z-</span> 
     </span>
    </p>
   </div>
   <div class='ocr_carea' id='block_1_8' title="bbox 1988 690 1994 1749">
    <p class='ocr_par' dir='ltr' id='par_1_23' title="bbox 1988 690 1994 1749">
     <span class='ocr_line' id='line_1_39' title="bbox 1988 690 1994 1749; baseline 0 0"><span class='ocrx_word' id='word_1_213' title='bbox 1988 690 1994 1749; x_wconf 95' lang='lat' dir='ltr'> </span> 
     </span>
    </p>
   </div>
   <div class='ocr_carea' id='block_1_9' title="bbox 384 2649 892 2659">
    <p class='ocr_par' dir='ltr' id='par_1_24' title="bbox 384 2649 892 2659">
     <span class='ocr_line' id='line_1_40' title="bbox 384 2649 892 2659; baseline 0 0"><span class='ocrx_word' id='word_1_214' title='bbox 384 2649 892 2659; x_wconf 95' lang='lat' dir='ltr'> </span> 
     </span>
    </p>
   </div>
  </div>
 </body>
</html>
