2372 3082
381 324 651 389 &Q
662 333 1979 373 -—————-—-—--(86)-———————-—
2075 370 2078 372 v
2095 318 2243 369 &sm
2267 341 2268 345 ,

617 560 777 612 absque
797 555 998 595 dedecore
1018 553 1146 593 licere
1165 552 1284 592 solet.
1316 551 1525 592 Caeterum
1544 557 1667 592 tanta
1685 551 1766 592 fuit
1784 551 1850 592 his
1871 551 2016 592 diebus
2083 597 2087 599 Α
2194 368 2249 579 ᾗ

615 624 662 663 in
690 621 723 661 F
726 619 894 661 landria
922 623 1013 658 tam
1049 617 1202 658 civium
1234 629 1364 670 quam
1392 615 1709 670 peregrinorum
1728 616 2017 655 mendicorum

615 685 864 736 multitudo,
897 689 946 724 ut
977 683 1052 738 qui
1087 698 1183 725 vere
1217 696 1422 738 pauperes
1456 687 1591 722 essent
1625 679 1798 720 minime
1827 681 2017 722 interno-

615 753 761 802 visses,
800 762 1050 802 necesseque
1084 748 1294 787 haberent
1329 748 1526 802 quaedam
1564 752 1805 802 aggravatae
1832 747 2018 787 civitates

616 817 807 871 aliquam
846 815 956 854 inire
994 815 1202 854 rationem
1245 828 1332 867 qua
1375 815 1639 855 mendicitati
1683 819 1772 853 tam
1814 813 2018 867 improbae

615 883 788 924 modum
815 882 1096 935 imponerent.
1126 880 1249 921 Nunc
1280 880 1410 935 igitur
1439 881 1593 922 civium
1613 879 1819 935 imprimis
1840 880 2019 919 necessi-

615 949 774 990 tatibus
808 947 1032 1001 diligenter
1062 946 1339 996 subveniunt,
1371 951 1500 1001 atque
1534 946 1584 986 iis
1620 946 1826 986 duntaxat
1856 944 2020 985 mendi-

618 1014 825 1054 cationem
858 1012 1112 1066 permittunt
1146 1025 1250 1064 quos
1279 1011 1345 1050 vel
1379 1016 1524 1060 aetate,
1562 1011 1628 1051 vel
1662 1009 1830 1058 morbo,
1869 1009 2020 1050 vitiove

618 1079 762 1132 aliquo
788 1076 973 1130 corporis
999 1076 1053 1115 ad
1080 1090 1203 1115 omne
1235 1090 1338 1130 opus
1370 1076 1514 1116 vident
1534 1075 1737 1115 imbelles.
1759 1074 2017 1114 Tenuiorum

618 1142 771 1182 liberos
792 1155 840 1180 ex
860 1139 1166 1179 mendicabulis
1185 1145 1387 1179 retractos
1408 1154 1429 1179 e
1450 1140 1620 1194 publico
1647 1139 1786 1189 alunt,
1810 1139 2013 1190 vestiunt,

619 1207 760 1246 literas
792 1205 963 1255 docent,
999 1207 1055 1246 ad
1081 1206 1262 1245 artificia
1291 1205 1516 1261 adjuvant,
1550 1219 1600 1244 ac
1626 1205 1842 1251 ¹neminem
1869 1218 2018 1244 sanum

618 1287 670 1312 ac
698 1271 886 1313 validum
921 1272 1162 1312 mendicare
1201 1271 1361 1311 sinunt.
1392 1268 1662 1323 Alienigenas
1692 1269 1873 1323 publicis
1908 1269 2020 1309 acci-

619 1337 743 1392 piunt
779 1337 1038 1386 diversoriis,
1079 1336 1384 1390 sublevantque
1420 1349 1565 1375 eorum
1595 1334 1803 1389 inopiam,
1844 1347 1894 1373 ac
1928 1340 2020 1389 post

619 1401 800 1455 primam
829 1406 999 1440 noctem
1027 1400 1107 1439 nisi
1139 1399 1376 1453 egritudine
1405 1399 1604 1453 quapiam
1637 1398 1857 1452 impeditos
1887 1398 2021 1439 faces-

619 1480 708 1506 sere
717 1464 888 1521 jubent.
908 1466 1202 1520 Impudentem
1219 1479 1316 1505 vero
1337 1471 1379 1505 et
1398 1471 1582 1505 astutam
1597 1465 1716 1504 illam
1731 1465 2020 1505 mendicorum

618 1531 790 1572 turbam
825 1546 930 1585 quos
965 1532 1136 1571 bliteros
1182 1530 1294 1570 Galli
1333 1536 1506 1580 vocant,
1553 1535 1666 1569 certo
1702 1530 1838 1569 edicto
1873 1531 2021 1584 procul

619 1597 858 1652 pellendam
881 1602 1047 1637 curant.
1082 1596 1318 1651 Hyprenses
1341 1609 1449 1636 novo
1471 1595 1658 1649 exemplo
1679 1609 1755 1634 sua
1784 1595 1829 1634 in
1853 1596 2021 1636 civitate

620 1678 787 1704 omnem
817 1665 906 1704 sine
937 1662 1177 1703 discrimine
1207 1660 1521 1702 mendicitatem
1546 1659 1820 1700 interdicunt.
1854 1660 2021 1700 Nemini

619 1730 708 1770 illic
751 1728 991 1769 mendicare
1036 1729 1135 1768 licet
1179 1727 1361 1783 exceptis
1397 1725 1762 1766 concionatoribus
1808 1740 2021 1767 sacrorum

619 1794 831 1834 ordinum.
855 1793 920 1832 Ex
940 1792 1048 1831 fiscis
1070 1792 1358 1831 communium
1374 1806 1630 1846 pauperum,
1661 1806 1711 1831 ex
1730 1793 2016 1846 proventibUS,

619 1859 886 1899 dominorum
930 1857 1223 1911 hospitalium,
1269 1872 1319 1898 ac
1360 1858 1527 1912 piorum
1573 1858 1726 1899 civium
1774 1858 2020 1899 voluntariis

620 1923 915 1963 collationibus
936 1936 1079 1962 omnes
1108 1937 1202 1962 suos
1229 1924 1435 1964 sustinent
1461 1939 1627 1978 egenos.
1657 1924 1846 1976 Quorum
1876 1930 2019 1963 tamen

564 1992 568 1993 ⁷
619 1989 840 2029 consilium
869 1989 1021 2028 acriter
1053 1988 1121 2041 (ut
1149 1989 1295 2042 audio)
1331 1991 1560 2044 suggillant
1588 1991 1783 2031 nonnulli
1811 2006 1860 2030 ex
1891 1990 2019 2030 sacris

619 2054 951 2094 mendicantium
1002 2054 1265 2094 sacerdotum
1323 2054 1540 2094 ordinibus
1596 2069 1748 2110 eosque
1804 2055 2018 2095 criminari

618 2121 777 2160 audent
797 2119 870 2174 qui
891 2117 980 2174 ejus
1010 2120 1071 2158 rei
1101 2119 1507 2159 administrationem
1533 2127 1686 2174 gerunt
1710 2121 1825 2161 velut
1845 2119 2017 2160 advenis

617 2187 851 2241 praesertim
882 2190 1010 2238 atque
1041 2186 1222 2225 externis
1251 2186 1504 2240 pauperibus
1536 2187 1678 2227 multis
1704 2187 1802 2227 licet
1831 2186 2016 2225 nomini-

616 2251 694 2291 bus
720 2249 972 2291 calamitosis
992 2249 1109 2290 haud
1140 2250 1237 2290 satis
1258 2265 1421 2305 aequos,
1445 2251 1674 2306 hospitium
1695 2252 1776 2292 illis
1798 2250 2012 2304 denegari,

617 2316 717 2369 pelli
752 2315 943 2370 protinus
979 2328 1028 2354 ex
1063 2315 1188 2366 urbe,
1227 2315 1385 2356 civibus
1424 2317 1525 2356 item
1562 2317 1748 2371 maligne
1783 2315 2017 2356 necessaria

617 2381 812 2434 praeberi.
846 2381 938 2422 Non
962 2383 1148 2423 ecclesiae
1177 2396 1387 2437 proceres,
1412 2397 1497 2423 non
1518 2384 1754 2438 principem
1775 2383 1903 2424 talem
1933 2380 2015 2419 illis
2222 2409 2240 2550 ὃ

2204 2572 2251 2614 §aa

1983 2613 2249 2669 &a
