2372 3082
349 321 773 377 &de
787 330 1330 371 fflssffl)
1458 350 1460 352 >

365 2633 432 2686 ἓξὲξ

630 2642 681 2649 ——.

776 555 908 589 Deditus
943 559 990 586 est
1025 552 1123 597 epulis
1158 553 1300 591 Ternus,
1339 553 1511 596 crassisque
1542 555 1680 598 popinis:

821 609 926 651 thue
956 617 1034 651 puer
1071 605 1210 646 Quartus
1246 603 1322 639 flere
1359 606 1490 640 subinde
1525 606 1621 640 solet:

774 659 905 704 Semper
940 659 972 691 in
1008 657 1166 702 amplexus
1203 655 1285 690 feret
1316 659 1452 701 Quintus
1481 659 1664 694 muliebres:

821 716 862 747 Et
891 714 979 758 jurat
1015 714 1127 747 Sextus
1162 711 1289 745 vulnera
1322 713 1458 757 quinque
1492 714 1568 748 Dei:

772 769 929 813 Septimus
960 768 993 800 in
1028 765 1101 800 ludo
1131 776 1259 798 censum
1293 777 1363 799 cum
1401 771 1543 812 tempore
1575 768 1696 813 perdit,

820 824 981 855 Arcanum
1012 821 1148 854 Octavus
1182 817 1301 862 detegit
1336 830 1429 853 omne
1461 832 1569 854 suum:

772 876 881 908 Nonus
911 878 996 907 amat
1023 882 1184 911 somnum,
1226 882 1301 904 cura
1331 877 1471 907 semotus
1508 875 1547 908 ah
1587 876 1689 909 omni:

818 929 925 962 Ganeo
957 927 1019 960 fert
1054 926 1202 959 Decimus
1237 925 1281 958 nil
1311 927 1368 960 nisi
1402 932 1493 972 turpe
1528 928 1653 973 loquax,

772 979 885 1023 Rejicit
915 978 1105 1012 Undecimus
1143 976 1306 1011 stomacho
1342 984 1515 1024 potumque
1548 980 1713 1025 cibumque

818 1034 982 1067 Proximus
1017 1032 1056 1066 ad
1087 1033 1167 1065 rixas
1197 1032 1330 1064 vertitur
1364 1036 1456 1075 atque
1492 1032 1592 1065 dolos.

774 1087 917 1119 Conticet
945 1090 981 1118 ut
1017 1089 1121 1117 mutus
1157 1083 1257 1128 plaeno
1290 1085 1484 1118 Penultimus
1520 1085 1605 1118 alvo:

820 1139 942 1173 Excidit
977 1141 1144 1172 Extremus
1177 1147 1257 1181 saepe
1292 1136 1427 1170 bibendo
1463 1137 1532 1171 sibi.

1162 1268 1235 1289 IDEM
1273 1268 1404 1289 BREVIUS
1410 1282 1416 1287 .

775 1362 953 1399 Pnonmvs,
990 1366 1021 1393 et
1056 1362 1207 1406 Sapiens,
1246 1361 1475 1404 Lachrymator
1509 1362 1569 1394 sive
1598 1361 1752 1401 Gulosus,

775 1415 954 1453 Scortator‚
993 1416 1111 1453 Lusor,
1153 1416 1300 1454 Jumtor,
1340 1414 1629 1458 Turpiloquusque‚

776 1467 925 1510 Proditor
949 1468 1073 1503 arcani,
1102 1467 1266 1506 Vomitor,
1298 1467 1428 1500 Rixator
1458 1472 1489 1499 et
1515 1468 1598 1499 omni

776 1522 882 1553 Mente
907 1531 961 1552 sua
990 1522 1125 1563 Captus,
1157 1521 1325 1563 Mutusque
1350 1520 1528 1563 gravamine
1550 1520 1628 1558 vini⁷

776 1575 898 1619 Quique
924 1578 1017 1607 nocet
1043 1573 1117 1606 nulli
1146 1574 1313 1606 Dormitor
1338 1583 1401 1606 non
1424 1571 1617 1606 reticendus.

781 1629 860 1661 Sunt
884 1625 940 1659 tibi
968 1626 1015 1659 his
1041 1630 1160 1671 septem
1187 1631 1336 1670 potorum
1361 1625 1485 1658 nomina
1508 1624 1657 1658 fratrum.

865 1979 919 2017 Ξῦε
949 1980 1118 2017 huobetim
1148 1978 1261 2015 nentis
1291 1982 1324 2014 et
1355 1988 1469 2015 eorum
1495 1978 1706 2026 regionibns·

729 2135 836 2167 Eunus
859 2137 895 2166 ut
922 2144 939 2166 a
963 2144 1076 2173 verm,
1104 2130 1282 2167 Vulturnus
1305 2136 1340 2166 ut
1363 2144 1380 2166 a
1404 2132 1523 2177 glaciali

730 2187 866 2232 Spiritus
890 2186 994 2218 aestivo
1022 2186 1064 2218 sic
1089 2184 1191 2219 sufflat
1215 2187 1324 2220 Coeciae
1348 2187 1387 2221 ab
1412 2191 1503 2227 ortu,

729 2241 822 2275 Veris
851 2240 890 2273 ab
915 2250 1026 2273 occasu
1052 2238 1216 2284 Zephyrus
1237 2240 1337 2278 venit,
1364 2238 1489 2273 Africus
1513 2243 1618 2272 autem

730 2294 780 2328 Ab
806 2296 942 2333 Brume,
971 2293 1024 2327 sed
1046 2294 1084 2327 ab
1113 2294 1216 2326 aestivo
1241 2293 1296 2327 flat
1321 2293 1438 2331 Corus‚
1466 2296 1502 2325 ut
1525 2292 1599 2325 olim

732 2347 842 2380 AEolus
867 2347 1001 2380 instituit
1024 2352 1132 2379 ventos
1155 2345 1228 2379 dum
1253 2347 1337 2379 misit
1359 2347 1390 2379 in
1413 2345 1534 2379 orbem.

732 2399 782 2432 Ab
807 2399 970 2444 medioque
994 2399 1043 2433 die
1064 2400 1233 2444 spirantem
1259 2400 1412 2433 cernimus
1441 2401 1610 2439 Austrum,

1764 1777 1995 1781 l

1956 2409 2222 2674 l
