2372 3082
407 570 731 619 Theodericum,
765 569 1005 623 AEgidium,
1047 570 1296 623 Arnulfum,
1341 578 1382 612 et
1422 571 1711 612 Grimoaldum
1749 585 1799 611 ex

406 635 652 675 Burchardo
674 637 876 686 secundo,
902 637 1025 690 primi
1058 637 1164 685 filio,
1198 642 1449 689 procreatos.
1483 635 1637 675 Eodem
1668 650 1797 690 prope

405 704 590 752 tempore
614 698 834 738 Ursmarus
862 700 990 739 abbas
1012 699 1228 738 Lobiensis
1253 699 1436 752 plurima
1462 699 1526 738 vir
1549 700 1793 749 sanctitate,

406 768 446 802 et
486 763 530 802 in
571 763 661 802 aliis
697 764 865 816 quidem
907 765 1004 819 pagi
1040 762 1306 804 Flandrensis
1341 759 1464 811 locis,
1509 762 1580 800 sed
1620 763 1797 802 maxime

406 824 682 879 Aldenburgii
708 827 971 880 praedicavit,
1004 829 1202 881 rudisque
1232 827 1365 881 gentis
1388 827 1625 880 pectoribus
1651 833 1796 868 sancta

406 890 616 943 religionis
646 897 799 930 nostrae
826 891 1023 945 dogmata
1047 893 1208 932 insevit.
1239 892 1476 931 Excitatum
1506 892 1612 931 inibi
1637 907 1686 931 ex
1705 907 1795 933 ma-

405 953 510 992 teria
544 954 768 1006 templum,
811 955 1016 1008 Principis
1053 956 1347 1011 Apostolorum
1383 957 1533 996 honori
1570 957 1790 998 dedicavit.

404 1017 548 1057 Patria
568 1017 667 1067 fuit,
696 1018 756 1056 uti
782 1033 858 1071 ego
882 1021 1045 1074 accepi,
1070 1022 1322 1061 ToarsensiS.
1352 1021 1469 1061 Obiit
1492 1036 1603 1061 anno
1629 1024 1682 1062 ab
1708 1024 1793 1064 vir—

403 1084 525 1137 gineo
565 1088 690 1136 partu
729 1083 764 1122 D
796 1083 861 1123 CC
890 1084 1009 1135 Xssl,
1047 1086 1170 1125 tertio
1206 1085 1365 1125 decimo
1398 1086 1602 1125 kalendas
1637 1087 1788 1136 maias,

404 1159 633 1185 successore
672 1145 843 1186 Ermino
883 1156 1111 1203 perspectae
1156 1149 1388 1189 sanctitatis
1429 1150 1532 1189 viro.
1577 1148 1657 1189 Per
1681 1150 1792 1189 idem

405 1211 491 1251 fere
507 1217 669 1264 tempus
685 1212 763 1251 viri
779 1214 1026 1254 sanctissimi
1037 1213 1307 1254 Vulframnus
1324 1212 1510 1266 pontifex
1526 1213 1736 1252 Senonum
1753 1220 1794 1253 et

406 1274 676 1324 VillibroduS,
695 1275 799 1315 Saxo
816 1292 980 1330 genere,
996 1279 1151 1328 Frisiis,
1167 1279 1348 1327 Batavis,
1369 1278 1399 1316 F
1404 1279 1646 1332 landrisque
1664 1280 1793 1319 Evan-

407 1341 560 1394 gelium
582 1341 774 1380 attulere.
801 1342 1071 1383 Vulsramnus
1093 1345 1125 1383 F
1129 1344 1354 1383 ontanellae
1376 1344 1494 1383 obiit.
1525 1344 1683 1398 Corpus
1705 1343 1793 1399 ejus

406 1409 548 1458 postea
565 1402 813 1443 Gandavum
831 1407 1094 1447 translatum.
1109 1409 1380 1459 Villibrodus,
1399 1410 1544 1449 missus
1560 1424 1608 1448 ex
1625 1410 1794 1450 Britan-

402 1469 472 1507 nia
490 1469 542 1507 ad
559 1470 857 1510 convertendos
873 1471 1039 1522 Frisios,
1053 1474 1381 1530 Trajectensium
1399 1475 1527 1515 evasit
1542 1475 1790 1530 Episcopus,

402 1533 468 1572 cui
504 1533 630 1571 etiam
667 1548 780 1573 nunc
815 1550 864 1574 ex
898 1537 1090 1578 Flandris
1118 1546 1269 1593 parent
1298 1539 1536 1590 Birfletani,
1574 1540 1789 1590 I-Iulstani,

404 1595 617 1646 Axellani,
656 1598 972 1654 Hasnensesque
1008 1602 1219 1643 Christum
1256 1619 1330 1658 per
1365 1604 1653 1643 Villebrodum
1688 1604 1793 1644 Vul-

401 1661 695 1715 framnumque
729 1663 854 1703 docti.
894 1666 1078 1706 Decessit
1107 1674 1247 1707 autem
1278 1668 1568 1717 Vulframnus,
1606 1670 1638 1708 si
1680 1674 1791 1708 recte

402 1732 635 1780 supputant
653 1758 663 1775 ,
707 1741 818 1767 anno
861 1729 960 1769 7⁵20.
1027 1732 1290 1772 Villehrodus
1331 1732 1430 1772 756.
1499 1732 1688 1772 Clemens
1735 1732 1789 1772 ab

403 1791 545 1844 Sergio
581 1791 781 1831 Pontificc
813 1793 993 1833 Maximo
1029 1797 1402 1836 transnominatus.

461 1857 584 1897 Anno
605 1858 971 1911 septingentesii‘no
994 1862 1244 1915 sexagesimo
1266 1862 1415 1915 quinto
1435 1860 1661 1914 Lydericus
1685 1863 1791 1902 Har-

402 1921 624 1961 lebecanus
672 1923 717 1961 in
767 1923 973 1963 demortui
1023 1926 1153 1978 patris
1198 1926 1387 1965 Estoredi
1433 1927 1626 1965 successit
1669 1941 1786 1980 opes,

403 1987 611 2040 ductaque
646 2001 772 2026 uxore
803 1987 1107 2042 Hermingarde
1142 1990 1229 2030 filia
1260 1990 1435 2030 Germ-di
1467 1990 1791 2031 Ruscinonensis

402 2051 693 2105 Engerranum
730 2051 862 2092 filium
899 2056 1079 2094 sustulit.
1124 2057 1246 2096 llunc
1285 2057 1517 2096 Gerardum
1554 2057 1597 2095 in
1633 2057 1789 2097 Nerviis

404 2115 588 2168 adusque
618 2116 831 2156 Oceanum
860 2119 1117 2172 imperitasse
1142 2120 1347 2169 referunt,
1373 2134 1422 2159 ac
1443 2121 1609 2160 Bel-tam
1623 2153 1633 2171 ‚
1659 2123 1788 2162 Seno—

404 2193 504 2218 num
529 2179 733 2235 Principis
761 2183 914 2236 Ugonis
936 2184 1087 2234 filiam,
1116 2185 1263 2239 Eligiae
1286 2186 1421 2225 uxoris
1446 2186 1582 2226 Caroli
1610 2188 1787 2228 Martelli

404 2259 582 2284 sororem
609 2246 800 2287 habuisse
826 2250 867 2288 in
896 2251 1180 2300 matrimonio,
1215 2254 1285 2291 sed
1317 2257 1418 2291 nata
1448 2253 1557 2291 inter
1587 2252 1722 2306 ipsum
1747 2260 1788 2292 et

406 2307 641 2349 Martellum
665 2312 714 2350 de
734 2314 871 2360 uigoris
893 2314 1139 2355 haereditate
1160 2316 1384 2365 discordia,
1409 2316 1576 2356 Nervios
1597 2317 1787 2357 Martello

406 2374 586 2424 cessisse,
626 2383 844 2430 postquam
881 2380 1032 2420 bonam
1070 2382 1239 2421 ditionis
1268 2395 1354 2421 suae
1384 2387 1545 2436 partem
1575 2396 1785 2422 sacrorum

1043 352 1134 389 -<13>
1171 341 2031 459 ffl—&Js
