2372 3082
1294 348 1354 387 (εἳ)

625 588 703 614 nec
723 571 850 628 hujus
872 577 977 611 esset
1005 568 1203 608 instituti.
1226 567 1282 607 Et
1306 568 1386 622 ipsi
1407 568 1566 621 alioqui
1596 584 1638 609 se
1668 571 1856 624 quotidie
1886 571 2024 626 operi-

623 640 702 680 bus
737 638 820 679 suis
856 643 976 677 notos
1016 634 1211 675 omnibus
1248 646 1299 673 ae
1342 632 1478 672 claros
1517 633 1728 683 reddunt,
1768 640 1817 674 ut
1860 635 2023 689 Eligius

623 704 860 745 Hocharius
887 701 1102 749 Gandavi,
1138 699 1321 739 ‚Iacobus
1351 698 1490 753 Papa,
1525 713 1575 740 ac
1603 699 1819 739 Pascasius
1845 701 2023 741 Zoutero

620 769 795 824 Hypris,
821 767 1004 808 Levinus
1034 764 1209 805 Crucius
1238 762 1411 812 Ralioli,
1445 763 1594 804 Petrus
1624 762 1773 804 Curius
1808 763 2019 818 Bergiaci,

621 834 858 874 Odomarus
894 831 1139 885 Leopardus
1175 829 1218 868 in
1254 828 1489 881 Neoportu,
1528 827 1794 869 Christianus
1829 828 2023 868 Massaeus

621 899 853 943 Cameraci„
878 898 964 937 Nec
985 895 1158 936 minoris
1186 900 1285 935 sunt
1308 892 1542 933 literaturae
1566 892 1787 946 permulti,
1811 892 2023 933 interdum

620 964 747 1005 etiam
777 961 969 1018 majoris,
1002 961 1076 1015 qui
1101 960 1166 1001 vel
1192 974 1266 999 sua
1297 956 1553 997 conscientia
1582 958 1769 998 contenti
1799 958 1865 998 vel
1895 971 2024 1011 nego-

621 1029 696 1069 ciis
747 1027 966 1081 occupati,
1020 1024 1129 1064 nihil
1183 1023 1408 1063 ediderunt
1462 1023 1688 1073 hactenus,
1737 1030 1785 1063 ut
1841 1024 2023 1064 Jacobus

622 1094 845 1143 Haloinus,
881 1091 1121 1132 Hadrianus
1142 1089 1327 1138 Ghilius,
1362 1087 1513 1127 Daniel
1537 1087 1832 1141 Spetebrodius
1851 1087 2019 1142 Brugis,

622 1160 807 1201 Joannes
827 1158 1006 1198 Lacteus
1028 1156 1203 1205 insulis,
1228 1153 1421 1207 AEgidius
1452 1152 1600 1192 Beeius
1627 1153 1837 1193 Viroviaei
1851 1184 1861 1203 ,
1892 1152 2023 1193 Joan-

624 1241 697 1266 nes
720 1225 985 1267 Cornusenus
1007 1222 1183 1271 Casleti,
1208 1226 1250 1259 et
1281 1219 1353 1259 alii
1374 1219 1474 1257 locis
1506 1219 1621 1267 aliis,
1656 1231 1760 1271 quos
1789 1233 1884 1258 cum
1913 1219 2025 1258 bona

622 1292 747 1332 venia
776 1291 903 1330 liceat
933 1288 1166 1344 praeterire.
1191 1287 1297 1327 Nam
1328 1282 1361 1322 si
1383 1295 1526 1321 omnes
1552 1296 1798 1322 enumerare
1826 1296 2020 1337 pergam,

623 1363 752 1412 atque
792 1371 819 1397 a
855 1355 1157 1409 ludimagistris
1197 1353 1325 1392 etiam
1365 1346 1421 1386 ad
1459 1346 1561 1386 alios
1604 1347 1835 1400 digrediar,
1884 1352 1932 1386 ut
1969 1346 2023 1386 ad

623 1420 812 1462 Marcum
862 1419 1117 1469 Laurinum,
1171 1417 1381 1457 Joannem
1423 1413 1650 1463 Fevinum,
1693 1413 1927 1453 sacerdotes
1967 1412 2023 1452 ad

622 1487 874 1536 Donatiani3
907 1491 1000 1525 tum
1030 1484 1241 1525 Joannem
1260 1481 1456 1529 Navium,
1485 1479 1658 1518 Petrum
1692 1478 1908 1528 Curtium,
1943 1478 2022 1517 Ju-

622 1552 775 1592 docum
795 1551 1025 1598 Gaverum,
1053 1549 1078 1587 J
1082 1550 1262 1588 udocum
1282 1545 1577 1593 Laurentium,
1601 1558 1736 1597 nuper
1757 1544 2019 1592 defunctum,

622 1616 883 1656 Ludovicum
927 1629 952 1654 a
994 1614 1187 1654 Flandris
1232 1612 1448 1652 dominum
1492 1611 1757 1659 Pratensem,
1798 1608 2024 1663 Georgium

622 1680 851 1720 Haloinum
895 1678 1074 1720 Cominii
1120 1677 1360 1725 dominum,
1400 1675 1572 1715 Petrum
1607 1674 1799 1728 Tayspil,
1850 1674 2021 1713 Petrum

623 1746 927 1800 Zuutpenium,
962 1744 1170 1784 Joannem
1207 1741 1425 1791 Crucium,
1470 1740 1723 1780 Joachinum
1754 1739 2020 1789 Martinium,

624 1809 912 1849 Christianum
944 1807 1191 1854 Cellarfflm,
1216 1806 1406 1860 talesque
1438 1808 1540 1845 alios
1572 1813 1784 1846 sexcentos
1816 1806 2022 1846 excellen-

622 1876 799 1915 tissimos
835 1874 1070 1914 eruditione
1112 1872 1243 1920 viros,
1294 1872 1435 1911 nullus
1480 1871 1559 1910 erit
1599 1870 1778 1923 catalogi
1818 1871 1900 1909 mei
1946 1884 2024 1909 nec

622 1942 770 1981 modus
792 1955 870 1980 nec
894 1940 1004 1980 finis.
1035 1939 1166 1978 Porro
1190 1951 1241 1977 ne
1261 1936 1583 1977 vernaculorum
1604 1934 1776 1988 quidem
1797 1933 2023 1973 Poetarum

623 2012 860 2047 nostrorum
876 2005 1205 2060 pulcherrimam
1231 2000 1473 2041 facundiam
1495 1998 1866 2051 inventionemque
1891 2011 2024 2051 usque

623 2074 727 2113 adeo
761 2072 1057 2125 multiplicem,
1100 2070 1216 2109 dictu
1250 2066 1467 2118 indignam
1508 2063 1705 2107 arbitror.
1750 2061 1811 2100 Ea
1850 2062 1895 2100 in
1931 2067 2022 2100 arte

622 2139 805 2178 Joannes
826 2137 999 2191 Figulus
1008 2168 1018 2186 ,
1045 2135 1252 2175 Antonius
1270 2133 1457 2180 Rovero,
1493 2129 1642 2169 Petrus
1673 2128 1806 2178 Pavo,
1837 2128 2021 2168 Joannes

622 2203 855 2252 Novacula,
893 2200 1145 2241 Laurentius
1190 2198 1332 2245 Asser,
1382 2200 1510 2247 atque
1552 2193 1624 2232 alii
1667 2192 1775 2246 pene
1810 2192 2021 2231 innumeri

624 2273 764 2307 tantos
790 2281 832 2306 se
858 2266 1049 2320 praebent
1078 2264 1207 2313 viros,
1241 2269 1289 2303 ut
1316 2261 1487 2301 Latinos
1518 2259 1817 2314 propemodum
1850 2272 2021 2312 aequare

625 2332 847 2372 videantur
876 2331 1040 2371 Poetas.
1070 2329 1186 2369 Inter
1221 2334 1392 2368 caeteros
1427 2326 1582 2366 etenim
1617 2324 1847 2365 Germanos
1882 2324 2021 2378 patria

626 2397 785 2437 utimur
824 2396 971 2450 lingua
1017 2394 1138 2435 valde
1190 2393 1343 2448 polita,
1392 2393 1563 2433 minime
1608 2405 1772 2446 aspera,
1826 2389 2018 2444 plurimis
