2372 3082
2076 350 2156 371 *³2st

585 569 770 611 possessa
812 556 1057 605 confirmat,
1106 555 1174 595 cui
1219 555 1389 609 quidem
1432 554 1491 593 rei
1545 554 1763 607 astipulari
1804 552 1989 601 videtur,

585 621 700 676 quod
735 620 940 675 quicquid
970 620 1122 660 littoris
1152 626 1214 660 est
1243 621 1354 660 inter
1387 619 1661 659 Dunkercam
1688 624 1729 657 et
1760 617 1988 666 Calesium,

584 687 717 726 nostri
753 687 880 726 etiam
913 700 1028 726 nunc
1063 686 1267 727 navarchi
1302 685 1478 726 Ruthen
1514 684 1750 738 appellent,
1785 682 1864 721 nisi
1900 682 1993 735 quis

584 753 705 792 malit
748 752 802 792 ab
843 750 1025 804 Rutupis
1061 751 1122 791 ita
1157 752 1240 791 dici
1281 750 1516 790 Britanniae
1547 748 1728 803 populis.
1784 746 1993 800 Equidem

584 817 825 866 Ruthenos,
856 814 1078 870 CymbrOS,
1110 816 1313 866 Saxones,
1350 816 1491 855 Danos
1522 818 1666 867 gentes
1695 826 1839 851 omnes
1869 811 1994 851 fuisse

585 887 758 922 autumo
780 895 866 920 non
883 886 974 920 tam
997 881 1164 920 sedibus
1188 895 1315 935 quam
1338 879 1551 921 vocabulis
1574 878 1787 918 discretas.
1813 876 1995 917 Jacobus

585 945 811 986 Guisianus
837 945 883 984 in
913 945 1038 984 rebus
1063 945 1270 985 Hauoniae
1303 944 1514 985 Treverim
1528 974 1539 992 ,
1566 942 1759 996 Belgium
1786 949 1828 983 et
1856 943 1995 983 Bello-

585 1026 735 1053 vaeum
779 1011 915 1064 regias
961 1011 1185 1064 Belgarum
1233 1011 1356 1050 urbes
1407 1013 1612 1048 memorat
1632 1039 1642 1057 ,
1693 1008 1887 1062 Belgium
1940 1008 1995 1048 ab

586 1077 796 1117 Ariovisto
826 1075 1134 1115 Germanorum
1159 1089 1255 1129 rege
1279 1076 1517 1123 incensum,
1544 1072 1721 1127 Augusti
1752 1087 1849 1113 vero
1876 1071 1995 1128 jussu

377 1143 383 1184 l
587 1142 892 1190 instauratum,
932 1141 1247 1181 Samarobrivas
1265 1172 1275 1191 ,
1309 1141 1475 1195 Sylvam
1509 1139 1804 1179 carbonariam
1820 1170 1830 1188 ,
1869 1139 1997 1179 Mori-

377 1184 383 1260 l
585 1220 681 1256 nos,
711 1206 903 1256 Nervios,
938 1206 1277 1257 Veromanduos,
1317 1206 1560 1255 Ruthenos,
1592 1205 1665 1258 qui
1698 1204 1825 1244 iidem
1853 1210 1998 1259 postea

377 1261 383 1295 l
585 1269 761 1310 Flandri
810 1271 987 1325 imperio
1036 1271 1218 1310 tenuisse
1264 1270 1467 1311 Amianus
1515 1269 1785 1309 Marcellinus
1832 1275 1996 1324 partem

588 1335 809 1376 Gallorum
847 1337 1091 1391 indigenam
1132 1336 1257 1376 fuisse
1290 1337 1442 1385 tradit,
1485 1335 1556 1375 sed
1592 1335 1694 1374 alios
1738 1349 1907 1389 quoque
1943 1334 1997 1374 ab

587 1402 734 1441 insulis
769 1401 931 1441 extimis
963 1400 1212 1440 confluxisse
1242 1415 1292 1440 ex
1320 1400 1525 1440 tractibus
1560 1398 1880 1438 transrhenanis
1906 1412 1996 1438 cre-

587 1467 743 1506 britate
777 1466 1005 1516 bellorum,
1046 1471 1087 1505 et
1123 1466 1334 1506 alluvione
1364 1465 1514 1506 fervidi
1549 1464 1678 1504 maris
1709 1462 1876 1502 sedibus
1913 1463 1995 1502 suis

589 1533 802 1587 expulsos,
844 1532 1061 1584 ingentem
1101 1531 1408 1571 Germanorum
1447 1530 1532 1570 vim
1576 1527 1806 1569 Ariovistus
1846 1542 1918 1567 rex
1950 1529 1995 1567 in

587 1597 801 1651 Belgicam
835 1595 1023 1635 traduxit
1039 1626 1050 1645 ,
1099 1601 1225 1635 erant
1275 1601 1317 1634 et
1355 1594 1497 1649 Belgae
1548 1595 1740 1650 plerique
1757 1625 1768 1644 ,
1815 1599 1996 1634 testante

588 1660 771 1710 Caesare,
801 1662 867 1701 vel
889 1667 989 1701 ante
1010 1659 1267 1701 Ariovistum
1293 1661 1347 1700 ab
1379 1660 1599 1700 Germanis
1629 1661 1734 1699 orti:
1760 1659 1853 1713 qui,
1882 1659 1996 1713 quod

588 1724 728 1766 Caesar
755 1726 843 1779 ipse
874 1740 961 1765 non
993 1726 1150 1775 tacuit,
1179 1724 1271 1780 jam
1293 1726 1391 1766 inde
1422 1726 1477 1766 ab
1508 1725 1629 1765 initio
1661 1725 1850 1765 omnium
1881 1724 1996 1765 fuere

588 1791 806 1832 Gallorum
841 1790 974 1829 multo
1016 1788 1255 1840 fortissimi,
1297 1790 1415 1846 cujus
1455 1792 1516 1830 rei
1557 1797 1711 1844 praeter
1747 1791 1850 1830 alios
1889 1791 1997 1831 bene

380 1897 384 1926 t
588 1858 766 1907 multos,
803 1857 907 1896 duos
945 1855 1139 1909 Pipinos,
1169 1856 1272 1896 duos
1308 1856 1502 1905 Carolos,
1533 1855 1775 1895 Martellum
1805 1863 1845 1896 et
1875 1857 1997 1911 Mag-

381 1927 385 1987 }
589 1937 707 1973 num,
740 1921 1046 1962 Gothofredum
1076 1921 1340 1971 Bullionum,
1375 1921 1547 1977 ejusque
1579 1919 1753 1971 fratres,
1788 1922 1994 1962 Jacobum

381 1993 384 2020 4
590 1988 868 2028 Aveniensem
893 2019 903 2036 ,
957 1986 1216 2026 Balduinum
1263 1987 1480 2037 Ferreum,
1534 1986 1793 2027 Balduinum
1839 1987 1991 2037 Pium,

382 2024 385 2068 ²
590 2054 740 2093 Frisios
769 2059 934 2108 patrem
966 2058 1008 2092 et
1035 2052 1193 2101 filium,
1223 2051 1400 2092 Elsatios
1430 2058 1593 2107 patrem
1628 2052 1867 2106 filiumque,
1896 2052 1995 2092 Bal-

382 2099 386 2174 1
591 2119 768 2158 duinum
809 2117 1347 2171 Constantinopolitanum,
1387 2117 1583 2159 Carolum
1620 2117 1802 2171 denique
1838 2117 1997 2172 princi-

591 2197 687 2237 pem
713 2183 988 2232 catholicum,
1024 2196 1119 2221 cum
1157 2182 1306 2222 Carolo
1340 2184 1549 2232 Lanodio,
1575 2182 1739 2223 Joanne
1770 2183 1994 2231 Rodiensi,

591 2248 803 2288 Ludovico
841 2262 866 2287 a
889 2247 1092 2287 Flandria
1126 2248 1373 2288 certissimos
1397 2248 1762 2304 juratissimosque
1792 2247 1996 2286 habemus

594 2319 732 2352 testes.

654 2378 862 2418 Authores
888 2378 1024 2418 habeo
1051 2385 1232 2419 vetustos
1262 2380 1475 2422 Flandriae
1500 2378 1705 2429 Annales,
1731 2394 1825 2419 cum
1851 2391 1995 2430 agere-
