2372 3082
614 556 685 587 Jam
708 558 776 586 tuas
801 564 922 586 summo
950 553 1052 587 studio
1079 554 1176 588 fidelis

614 605 729 638 Concio
756 605 851 648 gestit
877 604 1035 637 celebrare
1065 604 1187 640 laudes:

614 659 675 692 Sed
703 658 817 703 nequid
844 658 933 691 claris
961 668 1108 692 resonare
1131 658 1241 702 dignos

749 709 885 743 Vocibus
913 709 1058 752 hymnos.

612 763 751 807 Angelus
779 763 867 795 celsis
895 763 1019 795 veniens
1046 762 1085 795 ab
1111 764 1202 796 astris

609 819 656 850 Te
682 816 773 850 docet
797 820 937 849 ventrem
965 816 1077 849 sterilis
1102 820 1224 848 tumere

612 868 726 902 Sedulo
754 868 858 913 pergis
886 867 1043 912 gravidam
1072 871 1193 901 sacrato

747 923 857 956 Visere
884 926 988 967 partu.

612 976 743 1010 Flebiles
771 976 842 1010 audi
871 976 1003 1020 gemitus
1033 973 1176 1008 Rachelis

611 1030 688 1070 Quae
712 1029 770 1073 piis
795 1039 911 1061 numen
938 1027 1090 1072 praecibus
1117 1027 1228 1070 fatigat

611 1082 703 1115 Filios
731 1082 873 1126 plorans,
904 1080 951 1113 fer
979 1091 1087 1125 opem,
1120 1079 1268 1112 molestos

745 1134 829 1167 Pelle
857 1133 992 1166 dolores.

609 1188 659 1219 Tu
687 1196 894 1230 supernorum
920 1184 1014 1217 decus
1039 1184 1219 1227 angelorum

610 1240 709 1283 Virgo
741 1250 807 1282 quae
836 1248 943 1282 pacem
972 1247 1117 1281 reparas,
1149 1239 1180 1267 et
1206 1233 1331 1267 orbem:

611 1292 672 1333 Qui
699 1294 811 1335 petunt
838 1295 960 1323 nostras
989 1290 1105 1322 animas
1135 1292 1283 1330 tyrannos

749 1344 899 1388 Opprime
927 1346 1066 1375 cunctos.

610 1396 658 1428 Sit
685 1395 765 1428 salus
792 1406 919 1428 summae
945 1392 1035 1426 triadi
1063 1392 1207 1436 perennis

609 1448 747 1492 Virginis
776 1459 832 1492 per
859 1459 951 1492 quam
981 1456 1157 1479 mereamur
1184 1454 1291 1478 omnes

609 1499 731 1533 Perfrui
761 1504 872 1544 partu,
904 1500 1010 1543 requie
1035 1498 1126 1532 beata

746 1553 836 1585 Nunc
862 1555 893 1583 et
919 1551 950 1584 in
978 1561 1086 1582 aevum.

560 1917 716 1966 ffigmuuz
754 1918 949 1963 trochaicus
986 1918 1023 1954 he
1052 1920 1175 1954 suntin
1210 1917 1355 1966 wintune
1386 1916 1589 1954 restitutus.

562 2072 630 2103 Hoc
665 2071 713 2104 die
740 2075 832 2104 caetus
861 2070 958 2103 fidelis
988 2081 1074 2103 sacra
1101 2080 1212 2114 prome
1241 2071 1359 2102 cantica

520 2123 577 2155 Dic
616 2123 834 2167 triumphalem
869 2123 948 2155 Piati
985 2122 1131 2165 martyris
1168 2121 1372 2154 constantiam

519 2176 579 2217 Qui
609 2177 677 2209 Deo
713 2187 816 2221 pugna
851 2175 928 2208 virili
957 2185 988 2208 se
1016 2175 1113 2208 litavit
1153 2175 1299 2208 hostiam.

566 2229 626 2270 Qui
654 2238 732 2273 puer
761 2228 844 2262 claro
879 2231 1009 2272 parente
1045 2231 1135 2261 natus
1172 2228 1203 2260 in
1237 2225 1405 2269 Campania

520 2281 654 2314 Dotibus
683 2282 801 2315 cunctis
829 2281 938 2314 beatus
973 2280 1085 2313 mentis
1118 2284 1210 2323 atque
1243 2277 1382 2321 corporis

520 2334 670 2368 Traditur
701 2335 789 2368 honis
822 2335 952 2368 tenellus
986 2331 1171 2367 imbuendus
1200 2330 1309 2363 literis.

570 2386 645 2419 Inde
677 2386 785 2420 doctus
817 2391 849 2419 et
879 2386 1029 2431 probatus
1058 2385 1089 2418 in
1117 2394 1204 2417 saera
1233 2381 1349 2416 Christi
1378 2379 1436 2414 fide

1988 2569 1997 2584 l

1453 2636 1486 2660 1ss
1889 2605 2002 2660 κζῗὶῗὲξ
