2372 3082
365 572 466 611 item
502 570 648 610 eadem
684 569 735 610 de
764 584 890 610 causa
920 568 1001 608 hac
1029 574 1153 608 aetate
1183 569 1236 608 ab
1263 567 1550 609 Maximiliano
1579 582 1757 621 caesare,

365 641 408 675 et
430 634 610 674 Henrico
630 648 727 689 rege
747 633 933 688 Angliae,
968 632 1198 685 relictaque
1217 632 1264 671 in
1284 630 1516 686 Anglorum
1535 638 1756 687 potestate,

367 713 417 739 ac
436 698 609 738 Francis
629 698 744 738 haud
766 698 838 738 diu
858 703 952 752 post
982 697 1036 736 ab
1061 697 1208 736 iisdem
1228 698 1456 740 divendita.
1488 698 1610 738 Nune
1640 713 1666 738 a
1694 713 1761 740 sa-

369 765 601 804 cratissima
638 778 818 804 caesarea
852 762 1071 819 majestate
1107 761 1363 815 imperatum
1407 760 1546 801 facere
1592 768 1757 812 coacta,

369 842 419 868 ac
439 828 652 868 Flandriae
670 842 837 868 rursum
867 833 1023 867 asserta
1051 827 1097 867 in
1128 827 1210 867 fide
1237 827 1492 867 continetur.
1518 826 1671 867 Civitas
1703 834 1763 867 est

372 893 617 947 episcopalis
635 894 793 933 Scaldis
809 893 1005 948 imposita
1020 893 1140 947 ripae,
1159 892 1204 932 in
1220 898 1355 932 totum
1372 892 1587 946 quondam
1604 893 1762 933 cisscal·

373 959 485 998 dana
505 972 602 1012 quae
623 972 738 998 nunc
756 964 899 999 tamen
926 957 1121 997 orientali
1146 957 1208 996 sui
1233 962 1354 1011 parte
1377 957 1567 997 Scaldem
1591 958 1758 1008 transit,

367 1022 441 1061 ubi
473 1022 567 1062 divo
596 1022 789 1071 Nicolao,
825 1023 1004 1075 divoque
1033 1021 1174 1061 Brixio
1204 1022 1366 1061 curiata
1396 1022 1554 1075 templa
1574 1022 1761 1063 diocoesis

368 1086 703 1137 Cameracencis,
727 1087 800 1128 ubi
821 1093 863 1127 et
883 1101 957 1127 arx
987 1085 1263 1136 validissima,
1292 1085 1347 1125 ab
1377 1084 1525 1139 Anglis
1550 1085 1595 1124 in
1616 1086 1763 1126 Scalde

368 1156 578 1200 extructa,
604 1150 726 1190 facile
751 1152 819 1204 (ut
848 1151 1032 1204 ferunt),
1055 1152 1183 1191 totius
1204 1157 1350 1205 potens
1373 1151 1566 1192 civitatis.
1592 1151 1765 1191 Constat

368 1214 462 1253 haec
492 1214 591 1253 urbs
626 1215 788 1268 magnis
827 1216 1039 1255 variarum
1081 1229 1223 1255 rerum
1266 1215 1532 1265 mercaturis,
1578 1229 1764 1269 agerque

371 1277 460 1334 ejus
494 1278 636 1317 tritico
681 1284 742 1318 est
784 1278 958 1318 ferendo
1000 1280 1124 1334 longe
1167 1280 1516 1320 foecundissimus.
1554 1280 1764 1320 Hanoniae

371 1343 589 1397 scriptores
605 1344 650 1382 in
666 1344 815 1382 litteris
833 1344 1062 1396 reliquere,
1082 1357 1178 1382 cum
1197 1343 1452 1393 libertatem,
1474 1344 1529 1383 ab
1550 1342 1764 1383 Antonino

372 1422 525 1448 caesare
545 1407 682 1462 Belgis
703 1422 966 1456 concessam,
991 1405 1242 1446 Commodus
1268 1418 1398 1445 caesar
1429 1412 1653 1446 conaretur
1673 1408 1766 1447 adi-

373 1488 510 1523 mere,
543 1473 734 1514 Treviros
762 1472 949 1512 Verricio
980 1472 1086 1511 duce
1114 1482 1233 1509 arma
1257 1469 1498 1523 sumpsisse,
1537 1468 1767 1510 Germanos

373 1553 468 1579 cum
497 1538 634 1592 Belgis
673 1537 887 1577 nonnullis
920 1538 970 1576 in'
998 1536 1211 1575 Romanos
1241 1535 1492 1584 concitasse,
1528 1535 1767 1576 Tornacum

375 1605 568 1646 Romano
589 1604 792 1643 incessam
822 1602 1016 1656 praesidio
1047 1599 1271 1650 obsedisse,
1306 1598 1609 1639 Varnestonem
1639 1599 1768 1639 Mori-

376 1682 528 1708 norum
563 1668 711 1707 ducem
755 1672 875 1720 patre
912 1671 1060 1705 natum
1103 1665 1316 1716 Romano,
1365 1671 1500 1705 matre
1545 1665 1764 1719 Menapia,

376 1736 629 1786 quaestorem
659 1730 856 1770 aerarium
885 1734 973 1769 tam
1001 1727 1288 1779 Rutenorum,
1324 1742 1452 1783 quam
1485 1728 1764 1779 Morinorum,

377 1812 427 1838 ac
456 1797 636 1838 aliarum
666 1797 778 1836 circa
806 1795 1013 1849 gentium,
1046 1806 1120 1848 per
1148 1793 1251 1832 fines
1280 1792 1571 1847 Menapiorum
1599 1806 1649 1831 ex
1679 1792 1769 1832 Mo·-

377 1861 479 1900 rinis
516 1861 698 1910 duxisse,
732 1865 780 1899 ut
818 1858 1021 1900 Romanis
1056 1859 1227 1898 obsessis
1262 1859 1473 1913 suppetias
1509 1857 1656 1909 ferret,
1696 1859 1767 1898 sed

379 1925 525 1979 praelio
555 1924 770 1964 commisso
797 1924 842 1963 in
862 1923 950 1962 acie
972 1936 1144 1974 caesum,
1169 1929 1327 1977 septem
1347 1923 1634 1962 hebdomadas
1656 1924 1767 1963 obsi-

379 1991 546 2030 dionem
575 1992 777 2039 tenuisse,
809 2003 859 2029 ac
884 1987 1067 2028 deditam
1092 1987 1264 2028 tandem
1293 2001 1369 2041 per
1388 1987 1628 2042 pactionem
1661 1986 1768 2027 Ger-

380 2056 515 2095 manis
552 2056 715 2096 urbem.
760 2055 870 2095 Hinc
907 2054 1058 2094 liberos
1099 2054 1224 2094 fuisse
1261 2053 1453 2094 Treviros
1491 2054 1537 2093 in
1568 2059 1767 2107 quartum

381 2122 519 2162 Severi
545 2121 718 2161 Caesaris
756 2135 936 2169 annum,
970 2120 1043 2173 qui
1072 2125 1162 2159 erat
1190 2118 1390 2158 humanae
1420 2119 1564 2158 salutis
1594 2119 1769 2157 centesi-

382 2201 472 2228 mus
494 2188 785 2241 nonagesimus
806 2200 955 2226 nonus.

448 2253 687 2306 Imperante
722 2252 982 2292 Diocletiano
1017 2250 1236 2290 Piatonem
1273 2253 1314 2286 et
1350 2246 1602 2287 Chrisolium
1632 2247 1769 2286 unicae

384 2316 549 2370 pietatis
570 2317 677 2356 viros
697 2316 970 2370 Evangelium
983 2346 993 2364 ‚
1019 2313 1257 2366 Christique
1278 2325 1430 2351 nomen
1451 2310 1688 2350 Tornacum
1706 2315 1770 2349 at-

385 2380 527 2420 tulisse
543 2380 722 2434 reperio:
746 2380 966 2420 Piatonem
982 2378 1161 2419 Tornaei
1172 2409 1183 2428 ,
1204 2376 1455 2417 Chrisolium
1472 2389 1594 2430 super
1612 2375 1769 2416 flumen
