2372 3082
609 553 733 593 fuisse
774 553 957 607 reperio,
989 551 1199 591 Eucherio
1241 557 1282 591 et
1322 549 1511 603 Terrigia
1550 550 1795 603 parentibus
1836 556 2002 601 ortum,

609 622 872 670 mortemque
899 616 1047 656 obiisse
1077 616 1221 655 salutis
1251 629 1363 655 anno
1394 614 1429 653 D
1456 613 1487 653 C
1522 613 1648 653 LXV.
1678 615 1741 654 Ea
1759 621 2005 669 tempestate

609 680 947 734 Aldenburgium
988 680 1202 720 Flandriae
1243 678 1526 733 metropolim,
1572 692 1643 716 seu
1682 681 2001 730 metroconiam,

607 745 744 798 potius
775 744 899 784 fuisse
930 745 1152 784 credimus.
1186 744 1290 784 Erat
1319 744 1473 784 etenim
1505 749 1595 783 tum
1624 757 1754 797 parva
1779 743 2005 784 admodum

606 810 746 849 adhuc
781 811 921 864 regio,
962 824 1178 864 pagusque
1213 809 1480 848 Flandrensis
1517 808 1836 857 nominabatur,
1878 813 2006 861 atque

609 889 759 929 agrum
790 876 1010 915 dumtaxat
1041 875 1317 929 Brugensem,
1352 873 1627 923 Turl‘ioltum,
1665 872 2001 927 Aldenburgum.

608 939 893 994 Oostburgum
922 955 1017 980 cum
1045 955 1119 980 ora
1142 954 1191 980 ea
1218 941 1430 980 maritima
1454 939 1722 979 Gesoriacum
1749 953 1880 992 usque
1905 953 2006 979 con-

607 1006 793 1055 tinebat,
819 1006 891 1045 ubi
912 1020 988 1060 per
1015 1006 1178 1045 eosdem
1199 1005 1285 1045 fere
1312 1006 1397 1045 dies
1422 1004 1622 1044 Domilini
1648 1004 1872 1044 sacerdotis
1898 1004 2006 1045 Tur-

608 1071 812 1110 holtensis
838 1071 968 1111 virtus
994 1072 1278 1125 sanctitasque
1299 1071 1527 1125 plurimum
1550 1070 1764 1109 inclaruit.
1790 1068 2005 1110 Amandus

608 1135 708 1174 item
744 1135 972 1189 Episcopus
1006 1134 1274 1188 Tungrorum
1310 1135 1434 1174 decus
1470 1140 1597 1187 atque
1632 1133 1843 1186 singulare
1879 1148 2006 1174 orna-

608 1206 797 1240 mentum
826 1200 1060 1254 religionis,
1087 1200 1229 1239 eodem
1258 1205 1443 1252 tempore
1468 1198 1714 1251 praedicavit
1739 1197 1783 1236 in
1806 1197 2006 1238 Flandria

606 1270 720 1315 octo,
748 1271 794 1304 ut
815 1263 1022 1314 referunt,
1049 1278 1123 1319 per
1144 1278 1289 1304 annos.

664 1330 789 1370 Anno
821 1331 1117 1370 sexcentesimo
1152 1331 1420 1385 nonagesimo
1455 1331 1586 1370 altero
1622 1328 1796 1382 Pipinus
1835 1328 2004 1369 Crassus

606 1393 788 1447 Ansigisi
820 1394 949 1443 filius,
981 1395 1234 1448 amplissimo
1261 1395 1371 1433 inter
1398 1394 1546 1447 Belgas
1567 1407 1718 1447 genere
1738 1398 1873 1443 ortus,
1898 1393 2006 1447 Regi

605 1460 866 1501 Francorum
895 1460 1154 1500 Theodorico
1178 1461 1337 1500 bellum
1368 1459 1484 1509 fecit,
1515 1464 1736 1513 propterea
1766 1459 1880 1512 quod
1904 1459 2006 1499 Ber-

605 1523 761 1562 tarium
791 1524 1003 1577 quendam
1035 1524 1282 1578 praefectum
1307 1525 1479 1581 pretorii
1514 1539 1585 1565 seu
1613 1525 1859 1579 magistrum
1885 1524 2005 1578 equi-

605 1594 695 1627 tum
746 1589 933 1639 dixisset,
984 1604 1111 1643 quam
1162 1590 1412 1643 dignitatem
1458 1591 1545 1644 ipse
1581 1588 1678 1645 jure
1722 1589 1800 1629 sibi
1846 1589 2004 1643 optimo

605 1654 789 1694 debitam
814 1656 1110 1697 contendebat.
1137 1655 1307 1696 Collatis
1335 1655 1388 1694 ad
1412 1654 1691 1694 Texandriam
1713 1653 1862 1706 signis,
1888 1653 2004 1707 Pipi-

606 1733 684 1758 nus
712 1720 879 1773 egregie
904 1721 1022 1769 vicit,
1047 1726 1193 1774 captus
1214 1721 1274 1760 ibi
1296 1734 1387 1769 rex,
1421 1733 1549 1759 caesus
1576 1719 1621 1757 in
1652 1718 1740 1757 acie
1771 1716 2001 1756 Bertarius.

604 1784 667 1823 Ea
688 1785 730 1823 in
753 1799 897 1838 pugna
918 1785 1128 1835 interfuit,
1153 1786 1185 1824 si
1212 1786 1296 1825 veri
1318 1791 1414 1824 sunt
1433 1798 1536 1838 quos
1551 1784 1773 1837 sequimur
1794 1796 2005 1822 commen-

604 1848 722 1897 tarii,
749 1848 1018 1889 Burchardus
1046 1849 1268 1904 praefectus
1295 1849 1528 1898 Flanclriae,
1558 1847 1751 1901 Lyderici
1783 1846 2004 1885 Buccensis

606 1914 732 1963 filius,
752 1914 893 1968 pipini
911 1921 1048 1968 partes
1066 1922 1249 1965 secutus,
1271 1928 1367 1969 quae
1385 1927 1510 1953 causa
1526 1911 1606 1952 fuit
1627 1925 1701 1951 cur
1721 1910 2003 1950 Theodorieus

552 1980 555 1982 ’
606 1992 676 2017 rex
709 1978 977 2017 Flandricam
1008 1979 1069 2018 illi
1099 1980 1435 2033 procurationem
1470 1979 1596 2034 paulo
1624 1983 1718 2032 post
1753 1976 1999 2026 detraxerit,

606 2056 856 2096 rursumque
894 2049 1064 2082 centum
1095 2058 1223 2098 prope
1258 2058 1389 2083 annos
1429 2043 1616 2098 perbona
1657 2055 1754 2096 pars
1790 2040 2003 2079 Flandriae

608 2107 799 2160 neglecta
846 2106 1031 2162 jacuerit
1077 2115 1117 2147 et
1165 2108 1340 2148 inculta.
1413 2107 1681 2147 Burcliardus
1730 2104 2003 2144 nihilominus

597 2166 876 2224 'deprecatore
903 2172 1053 2224 pipino
1079 2172 1352 2211 Harlebecam
1377 2172 1571 2220 retinuit,
1599 2170 1743 2210 Comes
1768 2168 2004 2222 appellatus

610 2237 934 2276 Harlebecanus.
955 2238 1071 2277 Tulit
1089 2252 1137 2277 ex
1154 2238 1326 2277 Helvide
1347 2237 1487 2290 Pipini
1509 2242 1704 2290 cognata,
1724 2235 1903 2275 Valcisci
1925 2235 2003 2275 viri

609 2300 853 2340 nobilissimi
883 2301 993 2350 filia,
1021 2301 1267 2341 Estoredum
1288 2300 1482 2355 Lyderici
1509 2300 1787 2340 Harlebecani
1822 2306 1997 2354 patrem.

610 2366 798 2406 Prodidit
825 2371 966 2405 tamen
996 2366 1207 2406 memoriae
1244 2365 1424 2405 Jacobus
1460 2364 1704 2404 Praedianus
1734 2365 1997 2413 Estoredum,
