2372 3082
401 572 512 611 abba
533 571 642 610 diem
664 584 784 611 suum
806 572 929 623 obiit,
954 586 1065 613 anno
1088 575 1122 614 D
1140 576 1171 617 C
1187 576 1356 616 XCVII.
1382 575 1461 615 Hic
1480 576 1543 616 vir
1562 577 1787 631 exploratae

398 636 510 675 inter
530 634 711 675 Morinos
731 636 919 686 virtutis,
946 638 1145 682 Valberto
1172 657 1221 682 ac
1246 643 1369 683 Duda
1388 643 1434 682 in
1453 643 1786 684 Bononiensibus

398 707 532 751 ortus,
558 700 780 741 Ostorildae
801 703 952 742 nobilis
977 704 1055 743 sihi
1076 712 1212 758 pactae
1226 707 1397 759 virginis
1414 712 1653 761 contactum
1670 707 1786 748 refu-

397 767 477 820 git,
519 772 646 819 atque
682 767 737 805 ad
771 767 1001 807 solitariam
1037 769 1166 809 vitam
1204 770 1249 809 in
1280 770 1588 824 Menapiscum,
1620 770 1700 809 hoc
1730 778 1790 811 est

397 832 640 872 Flandriam
651 863 661 881 ,
687 833 907 883 concessit,
931 840 1176 889 vastamque
1196 835 1403 887 ingressus
1420 834 1601 888 sylvam,
1624 834 1670 874 in
1687 849 1790 876 cava

397 898 546 937 arbore
561 897 700 936 triduo
722 897 878 951 absque
899 899 992 938 cibo
1012 900 1111 952 egit.
1139 898 1204 938 Ab
1226 911 1275 936 ea
1292 897 1441 936 arbore
1463 897 1666 948 Ekenses,
1697 900 1788 952 agri

397 960 608 1001 Casletani
643 962 845 1014 populus,
881 977 1034 1002 nomen
1066 977 1107 1002 se
1136 962 1303 1001 trahere
1338 962 1505 1010 dicunt,
1539 962 1788 1004 Vuhnarum

396 1026 559 1073 colunt,
585 1027 871 1079 templumque
896 1028 958 1066 illi
979 1043 1097 1067 suum
1127 1033 1490 1067 consecraverunt.
1517 1028 1599 1067 Nec
1624 1030 1788 1070 silentio

396 1090 647 1130 involvenda
667 1097 728 1130 est
749 1091 969 1147 Bertulphi
983 1125 993 1143 ,
1020 1100 1298 1147 cognomento
1322 1093 1531 1132 Allemani
1545 1124 1556 1142 ,
1581 1107 1655 1147 per
1676 1095 1786 1135 idem

395 1159 558 1208 tempus
580 1156 859 1197 memorabilis
882 1160 1173 1199 sanctimonia.
1193 1159 1232 1198 Is
1249 1174 1345 1199 cum
1362 1159 1521 1199 Comite
1539 1159 1783 1201 Renticensi

395 1219 610 1259 Vanherto
630 1220 676 1259 in
706 1220 877 1262 Morinis
899 1223 1109 1263 habitasse
1129 1224 1311 1264 traditur
1341 1225 1411 1278 pio
1443 1239 1538 1264 cum
1562 1226 1706 1279 primis
1733 1240 1785 1265 ac

394 1285 587 1338 religioso
622 1286 735 1335 viro,
774 1294 821 1327 ut
856 1290 930 1342 qui
966 1304 1061 1329 cum
1096 1290 1315 1344 Umburga
1344 1304 1471 1330 uxore
1509 1290 1617 1330 nihil
1647 1293 1784 1345 potius

396 1349 528 1398 duxit,
549 1363 676 1403 quam
694 1353 819 1391 sacris
836 1367 953 1393 suam
971 1354 1171 1394 ditionem
1193 1355 1353 1394 aedibus
1373 1368 1575 1394 exornare
1587 1386 1598 1404 ‚
1631 1370 1784 1410 easque

394 1427 550 1466 magna
585 1428 634 1453 ex
668 1421 787 1470 parte
822 1418 1038 1471 apostolici
1069 1425 1236 1458 senatus
1267 1419 1472 1473 principi,
1507 1433 1557 1459 ac
1585 1420 1783 1474 Dionysio

392 1478 565 1532 martyri
596 1479 751 1519 dicare.
786 1481 957 1521 Invenio
988 1483 1258 1523 Renticenses
1286 1483 1477 1522 Ennonae
1507 1484 1624 1524 fluvii
1658 1484 1782 1525 fuisse

392 1544 568 1583 accolas.
603 1544 813 1585 Referunt
841 1547 940 1587 dum
970 1547 1077 1588 sorte
1106 1550 1277 1589 maximi
1307 1550 1358 1589 de
1380 1551 1483 1590 coelo
1505 1550 1782 1591 funderentur

392 1607 563 1659 imbres,
601 1609 799 1663 Aquilam
822 1612 950 1665 capiti
982 1613 1202 1669 Bertulphi
1225 1614 1439 1665 insedisse,
1473 1616 1678 1670 illumque
1703 1616 1780 1656 51111

392 1674 460 1714 dio
490 1675 719 1715 defendisse
749 1690 775 1715 a
804 1677 960 1729 pluvia.
991 1678 1162 1718 Invenio
1188 1685 1311 1732 gente
1329 1679 1452 1718 fuisse
1481 1679 1776 1730 Alhmanum,

394 1740 637 1793 parentibus
668 1747 932 1793 procreatum
959 1742 1159 1793 ethnicis,
1193 1758 1242 1782 ac
1271 1744 1416 1783 vixisse
1446 1744 1652 1797 Sigiberto
1681 1759 1779 1799 rege

393 1803 637 1855 Austrasiae,
652 1806 764 1860 quod
782 1806 832 1845 de
849 1807 1073 1860 Dagoberti
1093 1809 1235 1862 magni
1252 1809 1337 1848 filio
1356 1809 1643 1863 accipiendum
1657 1815 1774 1864 puto.

393 1870 490 1909 Pari
525 1870 757 1910 sanctitatis
787 1871 929 1911 floruit
958 1872 1072 1912 fama
1102 1874 1247 1913 eadem
1276 1880 1522 1927 tempestate
1553 1874 1778 1914 Richarius

390 1935 501 1975 abba
532 1936 653 1987 (nam
690 1937 807 1975 nulla
840 1952 1028 1991 unquam
1055 1945 1156 1978 aetas
1182 1939 1266 1978 alia
1293 1940 1618 1978 clarissimorum
1643 1953 1780 1979 53001·-

390 1999 534 2039 dotum
556 1999 768 2051 feracior).
794 2001 832 2040 Is
854 2007 1073 2055 postquam
1095 2001 1305 2052 Centulae,
1326 2003 1436 2042 unde
1458 2009 1567 2053 erat,
1589 2003 1779 2042 coenobio

390 2079 415 2104 a
446 2079 487 2104 se
514 2065 725 2115 instituto,
760 2067 1021 2120 aliquamdiu
1051 2074 1271 2122 persancte
1298 2069 1533 2122 praefuisset
1551 2101 1562 2119 ‚
1595 2070 1640 2108 in
1666 2070 1780 2123 sylva

389 2129 588 2170 Kersiaca
622 2145 717 2170 cum
746 2133 948 2186 discipulo
980 2134 1209 2187 Rigoberto
1231 2148 1272 2173 se
1303 2148 1440 2174 cremo
1469 2135 1644 2185 dicavit,
1669 2134 1779 2174 unde

391 2194 504 2233 obita
525 2201 657 2234 morte
690 2195 886 2236 Ocialdus
908 2197 1037 2237 abbas
1059 2213 1208 2253 eorpus
1230 2199 1319 2255 ejus
1341 2201 1530 2240 exanime
1556 2199 1777 2240 centulam

391 2257 540 2297 detulit
569 2259 702 2311 (nunc
731 2260 877 2301 fanum
912 2261 1102 2303 Richarii
1133 2266 1233 2318 est),
1274 2266 1317 2305 in
1348 2266 1601 2306 coenobium.
1642 2266 1777 2306 Lant-

390 2323 532 2363 bertus
552 2326 743 2366 omnibus
764 2327 808 2366 in
830 2328 1053 2368 virtutibus
1075 2331 1137 2371 vir
1161 2332 1328 2381 unicus,
1353 2332 1592 2372 Taruannae
1614 2346 1775 2372 summo

390 2387 480 2428 loco
511 2394 654 2438 natus,
685 2389 813 2430 abhas
843 2392 1026 2446 primum
1057 2393 1137 2434 fuit
1163 2395 1447 2446 Fontancllae,
1478 2396 1629 2436 deinde
1659 2396 1774 2448 Lug-
