2372 3082
346 303 617 517 {Q
634 333 1210 339 >-———-—-—-
1242 319 1325 359 (136)
1919 337 1925 339 Δ
1947 303 2216 387 2&ss

369 519 379 566 ,
2159 356 2215 566 ii

767 538 908 582 Corrigit
933 547 1078 579 errores,
1107 541 1140 570 et
1167 548 1262 572 noxas
1288 539 1393 583 arguit
1419 549 1527 572 omnes

949 591 1089 636 Viasque
1115 595 1272 626 monstrat
1297 591 1426 625 caelicas.

764 645 834 687 Qua
856 655 910 679 vos
941 644 1032 679 laude
1057 644 1157 680 feram
1184 657 1350 691 proceres,
1379 650 1411 679 et
1434 648 1539 678 sancte
1567 648 1712 684 senatus5

949 698 1107 744 Urbisque
1133 701 1247 734 summi
1274 700 1437 746 praesides:

763 751 907 793 Quorum
934 750 1018 785 nulla
1045 751 1114 785 silet
1140 752 1229 796 regio
1256 753 1410 796 praeeonia
1433 751 1559 785 laudum

946 802 1104 847 Orbisque
1130 803 1232 837 nullus
1259 804 1415 848 angulus?

762 856 877 890 Vestra
900 856 980 890 nitet
1006 857 1124 901 pietas,
1151 857 1215 892 alas
1242 857 1401 892 miseratio
1432 858 1559 903 pandit,

945 908 1032 943 Cives
1057 914 1185 955 egentes
1209 910 1364 945 confovet.

762 959 891 995 Publica
916 961 1107 1007 pauperibus
1134 964 1290 999 succurrit
1318 977 1392 999 cura
1420 965 1545 1000 misellis

944 1016 1163 1061 Dextramque
1190 1017 1310 1061 largam
1336 1018 1488 1062 porrigit:

761 1068 872 1102 Nullus
894 1069 926 1102 in
951 1067 1010 1101 hac
1031 1072 1098 1102 tota
1125 1069 1285 1104 mendicus
1309 1070 1449 1104 cernitur
1476 1069 1573 1110 urbe,

945 1120 974 1154 Ο
1001 1130 1085 1154 nunc
1112 1120 1197 1155 beati
1224 1133 1394 1168 pauperes:

760 1174 826 1207 Nec
844 1173 911 1218 jam
938 1174 1055 1218 templa
1082 1180 1212 1221 crepant
1239 1175 1426 1209 miserorum
1448 1175 1575 1209 vocibus
1602 1175 1684 1214 ulla,

945 1228 973 1261 O
1000 1228 1179 1262 institutum
1206 1229 1322 1264 nobile.

760 1280 831 1312 Non
859 1278 995 1314 lamenta
1018 1279 1102 1315 fores
1130 1283 1309 1327 complent,
1335 1294 1398 1316 uon
1422 1282 1522 1316 lurida
1553 1283 1709 1323 membra,

943 1332 1045 1366 Nullae
1069 1334 1203 1378 querelae
1227 1337 1380 1382 compita:

760 1384 895 1419 Tollitur
917 1385 1102 1431 improbitas
1125 1388 1334 1430 nebulonum,
1365 1390 1486 1424 tollitur
1514 1391 1615 1423 omnis

942 1441 1003 1472 Ars
1031 1440 1117 1475 vafra
1140 1442 1453 1489 pseudopauperum:

756 1492 894 1537 Torpida
921 1494 1069 1537 segnities
1097 1495 1270 1530 multorum
1298 1508 1390 1530 causa
1417 1495 1570 1529 malorum

940 1547 1055 1580 Procul
1084 1548 1221 1592 migrare
1249 1549 1390 1593 cogitur:

756 1599 857 1643 Stirps
880 1600 1008 1644 inopum
1034 1600 1077 1634 nil
1103 1612 1180 1646 grex
1206 1602 1264 1635 nisi
1286 1600 1428 1646 perditus
1455 1604 1545 1640 ante,
1571 1600 1734 1646 probatos.

940 1655 1045 1688 Mores
1069 1659 1102 1688 et
1125 1660 1209 1690 artes
1234 1655 1369 1689 imbibit.

755 1707 839 1740 Utile
863 1707 1044 1748 decretum,
1077 1709 1126 1754 pia
1154 1710 1220 1750 lex,
1248 1714 1279 1743 et
1307 1710 1425 1743 sanctio
1450 1708 1552 1754 frugi,

939 1763 981 1795 Et
1008 1774 1075 1797 mos
1106 1765 1230 1799 saluber
1255 1765 1383 1798 civibus.

755 1813 829 1844 Haee
852 1823 905 1846 vos
929 1813 1094 1858 perdocuit
1119 1827 1183 1850 non
1209 1821 1273 1849 tam
1302 1817 1411 1856 Plato,
1443 1817 1504 1850 sive
1534 1818 1687 1861 Licurgus
1702 1844 1709 1856 ‚

941 1865 1043 1906 Quam
1072 1866 1249 1901 Christiana
1277 1868 1433 1902 Charitas.
2167 1895 2170 1920 9

756 1917 854 1951 Cedat
882 1918 1079 1954 Athenarum
1102 1922 1185 1963 laus,
1216 1922 1305 1957 cedat
1331 1928 1363 1957 et
1389 1923 1503 1968 inclyta
1531 1925 1630 1956 Roma
2168 1922 2169 1926 ’

938 1974 1058 2007 Victrix
1085 1980 1206 2010 vetusta
1228 1977 1386 2021 gentium:

755 2025 911 2069 Famaque
940 2027 1106 2061 Massiliam
1136 2032 1251 2069 taceat,
1286 2028 1507 2063 Lacedaemona
1532 2028 1651 2073 linquat

938 2081 1142 2127 Hypramque
1169 2083 1267 2117 solam
1289 2082 1448 2128 praedieet.

756 2133 828 2165 Haec
858 2143 915 2166 nos
943 2135 1051 2179 Hypra
1076 2136 1132 2170 tibi
1160 2138 1259 2182 pietas
1286 2140 1340 2169 tua
1361 2135 1468 2169 ludere
1492 2136 1575 2180 cogit

939 2186 1040 2227 Quam
1069 2200 1161 2224 nemo
1188 2194 1235 2224 sat
1258 2190 1439 2224 laudaverit.
