2372 3082
363 575 546 611 scatente
600 571 851 624 proverbiis,
906 570 1188 625 metaphoris,
1244 576 1285 609 et
1339 570 1568 624 allegoriis,
1624 576 1752 625 atque

363 636 417 675 ad
451 650 616 675 omnem
653 636 819 676 dicendi
849 636 1092 676 facultatem
1121 636 1245 690 longe
1273 637 1596 690 appositissima,
1634 651 1752 691 quae-

362 713 443 753 que
469 700 658 753 linguam
689 701 757 753 (ut
778 700 951 753 quidam
971 700 1161 752 volunt),
1195 699 1374 738 maxime
1405 700 1594 739 omnium
1622 701 1751 742 Saxo-

361 763 501 802 nicam
522 763 698 813 referat,
724 777 852 817 quam
873 761 1070 803 Albertus
1101 763 1232 803 Crant
1253 777 1327 803 sua
1346 764 1392 803 in
1411 764 1592 803 Saxonia
1619 766 1752 805 tradit

361 843 447 868 esse
483 829 822 880 sincerissimam,
862 843 949 869 non
979 830 1188 870 inversam
1223 829 1494 879 stridoribus,
1528 844 1614 869 non
1651 845 1753 871 con-

361 898 514 932 tortam
550 892 843 947 diphthongis,
883 893 1062 933 aliarum
1100 895 1367 949 quarundam
1404 893 1751 935 Germanicarum

361 971 490 996 more.

418 1022 597 1075 Reperio
618 1023 663 1060 in
691 1023 957 1074 quorundam
979 1022 1215 1061 Annalibus
1250 1022 1406 1075 priscos
1435 1023 1584 1076 Belgas
1608 1024 1754 1065 Graece

360 1100 502 1125 omnes
527 1086 685 1125 locutos
716 1086 922 1140 tantisper
948 1086 1048 1126 dum
1079 1085 1182 1125 hinc
1212 1085 1433 1137 Germani,
1470 1086 1568 1126 inde
1598 1087 1754 1128 irrum-

360 1155 505 1204 pentes
549 1150 752 1200 Romani,
800 1151 941 1190 omnia
986 1151 1306 1204 permiscerent,
1352 1151 1631 1206 Graecumque
1668 1167 1754 1193 ser-

360 1229 527 1254 monem
547 1215 713 1270 penitus
744 1214 1071 1264 confunderent,
1111 1216 1216 1255 adeo
1237 1222 1285 1255 ut
1312 1216 1452 1271 Belgae
1480 1217 1750 1268 Germanice,

361 1278 594 1332 Latineque
614 1279 848 1332 promiscue
877 1279 994 1332 loqui
1017 1287 1323 1331 assuescerent,
1347 1283 1601 1336 praevalente
1621 1282 1753 1321 nihil-

361 1345 523 1384 ominus
559 1344 810 1384 Germanica
843 1359 975 1399 usque
1003 1346 1169 1400 lingua,
1203 1360 1332 1401 quam
1360 1361 1475 1386 nunc
1502 1348 1676 1401 quidam
1704 1361 1754 1386 ex

361 1410 615 1449 nostratibus
634 1411 844 1464 negligere
865 1411 996 1450 videri
1012 1418 1202 1465 possunt,
1223 1411 1397 1452 Gallicae
1413 1413 1546 1467 magis
1562 1412 1750 1461 studiosi,

361 1482 531 1529 propter
547 1476 803 1516 vicinitatem
821 1477 976 1530 gentis,
1001 1490 1051 1516 ac
1075 1491 1215 1517 rerum
1245 1478 1524 1531 plurimarum
1547 1491 1754 1517 commer-

361 1540 440 1578 cia.
461 1539 720 1593 Argumento
742 1546 840 1580 sunt
859 1541 904 1579 in
925 1540 1097 1580 Morinis
1124 1541 1296 1581 Gallicis
1319 1542 1530 1596 permulta
1549 1556 1753 1596 pagorum

362 1604 556 1653 nomina,
581 1603 811 1643 Teutonico
834 1605 977 1644 omnia
992 1605 1079 1644 illic
1100 1605 1334 1659 antiquitus
1355 1605 1638 1659 percrepuisse
1667 1618 1753 1644 ser-

362 1683 498 1708 mone.
531 1669 580 1708 ln
610 1669 658 1708 iis
689 1675 730 1708 et
758 1670 919 1709 Fanum
941 1669 1141 1710 Odomari
1177 1671 1496 1710 celeberrimum
1526 1670 1750 1724 oppidum,

364 1735 461 1773 olim
478 1733 593 1782 haud
611 1734 736 1773 dubie
757 1748 868 1774 mere
888 1734 1181 1785 Flandricum,
1204 1735 1356 1775 deinde
1375 1741 1520 1774 tamen
1539 1733 1749 1788 bilingue,

364 1814 478 1839 nunc
504 1805 643 1839 autem
667 1800 711 1838 in
733 1806 867 1840 totum
887 1800 973 1839 fere
1002 1800 1226 1840 Gallicum.
1260 1801 1326 1840 Ita
1345 1800 1565 1840 invalescit
1585 1813 1635 1838 ac
1654 1814 1753 1853 pro-

364 1870 504 1904 movet
529 1865 573 1903 in
614 1865 701 1904 dies
744 1863 928 1913 Gallica,
975 1866 1321 1919 protruditurque
1363 1864 1563 1904 Rhenum
1613 1876 1753 1902 versus

362 1929 507 1981 lingua
531 1927 796 1967 Germanica.
828 1927 1043 1968 Foecunda
1072 1929 1242 1983 insuper
1269 1927 1449 1983 genitrix
1472 1931 1533 1966 est
1553 1926 1754 1966 Flandria

362 1992 742 2032 laudatissimorum
759 1999 998 2032 cantorum.
1020 1992 1234 2047 Siquidem
1251 2006 1398 2034 vocum
1415 1993 1635 2033 nobilitate
1652 2005 1753 2045 qua-

362 2057 518 2095 cumvis
549 2056 777 2096 Christiani
812 2056 923 2096 orbis
953 2062 1076 2109 gente
1106 2063 1266 2096 certare
1296 2063 1445 2110 potest.
1478 2056 1619 2095 Testes
1654 2062 1752 2095 sunt

363 2120 599 2160 Alexander
621 2135 755 2174 nuper
782 2120 967 2175 Philippi
989 2121 1190 2176 principis
1211 2127 1373 2170 cantor,
1398 2121 1546 2160 Petrus
1567 2119 1751 2159 Vicanus

364 2193 510 2226 cantor
528 2187 696 2226 maximi
712 2186 918 2241 Principis
939 2185 1100 2236 Caroli,
1125 2185 1334 2225 Adrianus
1358 2184 1590 2224 Willardus
1609 2183 1752 2223 Rossi-

364 2253 470 2292 laria
502 2253 723 2303 oriundus,
757 2259 904 2292 cantor
938 2253 1046 2306 regis
1082 2250 1300 2305 Ungariae,
1339 2250 1521 2289 Thomas
1548 2247 1753 2288 Martinus

365 2332 457 2357 cum
487 2317 686 2357 fratribus
716 2317 839 2359 Petro
868 2332 917 2358 ac
945 2318 1127 2368 Joanne,
1161 2318 1300 2371 patria
1330 2314 1637 2363 Armenterius,
1662 2327 1752 2352 mo-

364 2384 522 2422 nachus
548 2397 661 2423 nunc
694 2383 761 2436 (ut
792 2385 934 2436 audio)
966 2383 1239 2424 Cartusiensis
1267 2383 1312 2422 in
1333 2381 1565 2422 Ambianis.
1593 2379 1751 2432 Vulgus
