2372 3082
417 2497 439 2581 Q.

389 2570 402 2588 f

432 2568 443 2589 x

409 2585 422 2601 ³3

428 2577 443 2599 'x

389 2593 420 2670 οφῗήῇῐ

402 2619 422 2636 ᾧ)

406 2635 425 2650 -(

424 2590 455 2665 ΠΙΞῡἪΘΧ

463 2663 471 2667 ι
462 2615 479 2633 'Q

1302 334 1384 373 (110)
1398 351 1436 354 e

821 537 957 572 Solvitur
978 536 1011 569 in
1034 535 1139 571 dulces
1161 536 1267 581 lingua
1291 536 1389 582 polita
1412 537 1539 578 modos,

773 592 855 626 Hinc
877 591 959 635 fugit
980 590 1109 625 ambitio
1122 617 1131 631 ,
1157 589 1277 630 fastm,
1301 590 1454 636 luxusque
1477 590 1656 633 facessunt,

816 645 931 680 Exulat
954 644 1027 678 hinc
1047 644 1116 679 auri
1139 643 1311 690 pernitiosa
1332 644 1411 679 sitis.

769 700 813 733 Et
838 701 926 733 vacat
950 696 1062 733 invidia
1087 697 1198 731 domus
1224 697 1330 738 omni,
1357 696 1554 743 desidiaque,

815 754 889 786 Non
914 754 962 785 est
984 750 1139 790 ebrietas,
1160 751 1227 790 ira,
1251 761 1309 783 nec
1332 750 1395 784 ulla
1419 750 1504 795 gula.

768 808 893 851 Vivitur
917 806 949 838 in
971 805 1080 849 requie
1104 808 1193 843 tuta,
1218 803 1284 837 sine
1307 803 1433 837 turbine
1457 814 1577 839 rerum.

813 860 887 892 Non
911 857 1052 891 cruciant
1075 867 1174 897 curae,
1200 855 1295 890 toedia
1317 856 1401 890 nulla
1425 860 1576 902 gravant,

768 911 918 946 Conscius
944 913 1052 955 estque
1075 910 1162 944 locus
1187 921 1280 954 quam
1305 914 1411 943 sancte
1435 920 1589 956 quamque
1614 909 1705 944 beate

813 964 960 998 Bcrtinus
977 966 1101 1008 tcmpus
1125 963 1249 997 duxerit
1273 973 1366 996 omne
1389 974 1493 997 suum.

765 1018 938 1053 Posteritas
963 1017 1105 1061 sequitur
1129 1017 1227 1050 sancti
1251 1017 1381 1060 vestigia
1405 1017 1521 1060 patris,

809 1073 1043 1115 conservatque
1067 1082 1157 1104 suum
1181 1070 1288 1115 regula
1314 1071 1416 1115 prisca
1433 1069 1540 1103 decuS.

763 1125 940 1166 Sanctaque
964 1127 1163 1156 monstratur
1181 1123 1239 1156 tibi
1262 1123 1332 1155 vitae
1358 1133 1469 1155 norma
1494 1122 1612 1159 beatae,

809 1174 926 1209 Lucida
949 1185 1017 1218 quae
1046 1176 1160 1209 celsam
1190 1175 1300 1220 pandit
1323 1174 1362 1208 ad
1387 1179 1471 1208 astra
1494 1174 1587 1207 viam.

764 1231 834 1263 Hoc
858 1232 922 1261 tam
949 1229 1054 1262 nobile
1078 1240 1156 1274 opus
1178 1232 1355 1273 nongentos
1381 1229 1506 1262 circiter
1530 1237 1628 1261 annos

809 1283 880 1315 Jam
907 1281 995 1314 stetit
1017 1292 1035 1315 a
1059 1282 1161 1327 prima
1186 1281 1364 1315 conditione
1391 1281 1451 1314 sui.

763 1336 908 1380 Quinque
931 1335 1088 1380 virgineus
1112 1336 1276 1370 claudebat
1300 1335 1410 1369 saecula
1434 1338 1544 1381 partus

807 1390 912 1433 Atque
937 1388 1062 1428 decem,
1091 1392 1124 1422 et
1147 1399 1242 1434 super
1266 1388 1331 1422 haec
1354 1389 1453 1422 lustra
1479 1391 1630 1433 quaterna
1655 1386 1733 1426 sibi,

762 1443 842 1475 Cum
868 1452 955 1475 sacer
979 1441 1107 1474 antistes
1128 1441 1266 1475 studiose
1290 1442 1446 1475 Antonius
1467 1451 1576 1474 omnes

807 1495 936 1528 Vicinos
959 1493 1080 1539 placido
1106 1498 1257 1528 convocat
1281 1504 1336 1528 ore
1360 1498 1466 1539 patres

762 1548 807 1580 Ut
830 1558 908 1580 nova
932 1546 1152 1580 concelebrent
1175 1551 1240 1580 tam
1263 1547 1337 1580 clari
1361 1547 1500 1581 encoenia
1524 1547 1633 1591 templi

807 1599 884 1641 Quae
905 1610 992 1633 sacra
1014 1604 1087 1644 post
1108 1599 1234 1645 longam
1261 1604 1334 1634 sunt
1354 1598 1530 1634 renovanda
1559 1599 1665 1641 diem;

764 1653 827 1697 Ipsi
851 1653 966 1686 etenim
990 1652 1050 1687 fuit
1074 1652 1138 1687 haec
1162 1664 1219 1699 per
1245 1655 1378 1687 Romam
1402 1652 1484 1687 facta
1508 1657 1647 1698 potestas

810 1707 855 1739 Ut
878 1717 945 1750 quae
968 1706 1085 1752 templa
1107 1707 1180 1740 velit
1201 1706 1324 1741 dedicet
1346 1707 1414 1752 ipse
1437 1717 1505 1741 sua.

764 1759 834 1792 Huc
854 1760 1089 1793 Taruannensis
1111 1760 1196 1793 venit
1218 1764 1313 1804 atque
1337 1760 1516 1794 Bononicns
1538 1759 1620 1793 abba

806 1812 927 1844 Praesto
950 1815 998 1844 est
1024 1810 1209 1851 blemensis,
1237 1812 1503 1856 Monstroliusque
1527 1818 1637 1858 pater,

762 1863 944 1907 Bergensis,
972 1864 1194 1908 VVatanusque
1219 1863 1282 1896 suis
1310 1862 1350 1898 dc
1377 1865 1537 1897 montibus
1559 1865 1673 1898 adsunt

806 1917 952 1958 Alchius,
981 1919 1165 1959 Hamensis,
1193 1917 1341 1962 Blangius
1365 1915 1559 1956 accelerant,

762 1971 902 2004 Comiter
924 1971 1076 2015 accipitur
1100 1982 1154 2004 sua
1178 1982 1272 2016 quem
1295 1969 1503 2004 Somonohria
1527 1970 1644 2009 mittit,

807 2027 850 2058 Et
875 2025 927 2069 qui
953 2025 1063 2058 Jodoci
1089 2029 1178 2070 septa
1202 2026 1306 2071 quieta
1330 2023 1423 2062 colit,

762 2077 896 2111 Advolat
918 2081 949 2110 et
970 2079 1095 2110 Furnus
1118 2079 1249 2117 Duum,
1277 2077 1453 2120 Clarusque
1473 2076 1626 2111 Mariscus

807 2133 942 2165 Praestet
965 2135 1002 2164 ut
1025 2130 1161 2166 oflicium
1186 2131 1294 2167 sedulo
1317 2131 1449 2177 quisque
1465 2141 1567 2165 suum.

760 2186 850 2218 Nona
874 2184 938 2217 dies
964 2184 1113 2218 Octobris
1135 2189 1205 2218 erat
1224 2184 1393 2228 Dionysius
1415 2183 1489 2218 olim

804 2239 874 2280 Qua
897 2237 1002 2271 fuerat
1024 2250 1133 2284 passus
1157 2239 1265 2273 nobile
1286 2237 1485 2282 martyrium.

759 2289 897 2323 Candida
920 2291 1051 2323 vestitur
1075 2292 1150 2325 velis·
1172 2291 1348 2326 albentibus
1373 2291 1474 2330 aedes,

805 2343 970 2388 Plaenaque
992 2344 1153 2390 multiplici
1174 2346 1292 2380 cantica
1313 2343 1405 2379 laude
1428 2347 1537 2383 sonat,

761 2395 886 2431 Fronde
910 2398 1012 2432 virent
1034 2410 1114 2440 arae,
1141 2399 1299 2435 collucent
1317 2397 1454 2443 undique
1474 2396 1560 2431 taedae

404 2642 420 2656 Υ
