2372 3082
413 329 682 384 a&
701 328 2275 397 maara—&agea

406 384 462 596 ff
639 563 818 617 Augusti
834 562 941 616 regis
957 561 1219 602 Francorum
1234 561 1515 602 Furnensium
1530 563 1884 621 Bergensiumque
1905 566 2038 606 elien·
2090 604 2093 605 γ

638 636 699 670 tes
719 628 932 668 Bloetinos
962 634 1087 669 vocat
1108 634 1149 668 et
1168 628 1407 683 Isangrinos
1429 628 1483 668 ad
1503 628 1619 669 hunc
1649 630 1835 670 modum.

885 766 959 795 Inde
983 776 1107 795 movens
1124 767 1236 795 iterum
1254 767 1356 795 classis
1370 767 1446 805 legit
1469 767 1592 806 equoris
1608 766 1706 796 undas

885 814 970 847 Quod
987 814 1194 842 Bloetinorum
1213 814 1375 843 candentia
1392 816 1493 844 littora
1511 817 1621 845 lambit

886 864 1011 901 Quaque
1027 872 1216 891 marescosos
1231 863 1367 891 extendit
1380 863 1521 892 Flandria
1541 873 1663 902 campos

886 910 921 938 Et
936 919 996 948 qua
1013 910 1196 948 bellipotens
1211 910 1312 939 media
1327 910 1408 939 inter
1423 912 1529 949 praelia
1552 916 1667 940 terram

885 957 988 985 Sulcat
1005 958 1179 995 Isangrinus
1196 957 1299 996 gladio
1315 959 1449 986 munitus
1466 964 1496 986 et
1512 959 1599 987 hasta

888 1006 951 1039 Qua
967 1005 1031 1034 sola
1046 1007 1164 1033 Furnus
1180 1011 1247 1034 arat
1262 1006 1378 1034 sinibus
1393 1006 1490 1033 vicina
1506 1006 1633 1034 marinis

885 1055 1011 1093 Quaque
1028 1054 1168 1083 ruinosos
1184 1059 1315 1083 ostentat
1331 1055 1419 1093 Belga
1435 1059 1561 1092 penates

889 1103 1118 1142 Semirutasque
1133 1103 1239 1132 domos
1255 1103 1343 1141 regni
1359 1103 1546 1130 monimenta
1562 1102 1672 1129 vetusti

886 1150 991 1178 Nervis
1008 1151 1194 1188 armipotens
1208 1151 1262 1178 ubi
1276 1150 1356 1179 bella
1373 1149 1547 1187 frequentia
1564 1149 1657 1187 gessit

887 1199 981 1232 Quem
1001 1208 1160 1236 nunquam
1176 1198 1234 1226 sibi
1257 1197 1416 1235 praevaluit
1437 1197 1570 1224 Romana
1587 1200 1718 1234 potestas

886 1245 1047 1283 Suincere
1064 1245 1188 1272 omnino
1206 1246 1335 1273 certisve
1352 1243 1448 1280 ligare
1465 1242 1585 1270 tributis

883 1291 975 1330 Belga
998 1291 1178 1320 covinorum
1195 1293 1315 1320 Lucano
1332 1295 1407 1319 teste
1423 1294 1565 1328 repertor

885 1338 975 1377 Belga
994 1344 1101 1377 potens
1117 1339 1226 1377 opibus
1242 1339 1333 1367 armis
1348 1342 1378 1365 et
1394 1337 1509 1365 viribus
1527 1337 1601 1366 olim

886 1387 1055 1416 Romulidis
1072 1388 1161 1416 valde
1177 1388 1317 1416 insensus
1328 1410 1335 1422 ,
1353 1391 1500 1425 tantaque
1525 1396 1582 1425 per
1603 1387 1710 1415 orbem

886 1437 989 1465 Laude
1015 1437 1188 1465 celebratus
1212 1436 1295 1475 quod
1318 1435 1355 1464 ad
1379 1435 1431 1464 illa
1455 1436 1549 1463 Gallia
1575 1436 1711 1474 priscum

835 1514 838 1515 γ
885 1486 1007 1524 Belgica
1030 1496 1143 1514 nomen
1170 1486 1263 1514 habet
1285 1485 1372 1524 regni
1397 1495 1469 1523 pars
1493 1486 1582 1514 tertia
1608 1486 1716 1514 nostri.

886 1533 963 1561 Hinc
990 1543 1115 1571 quoque
1142 1532 1320 1571 digrediens
1343 1534 1418 1562 ssatu
1440 1535 1586 1573 propulsa
1610 1535 1746 1563 secundo

886 1582 1012 1610 Portum
1039 1581 1110 1610 laeta
1134 1582 1215 1609 subit
1238 1591 1255 1610 a
1282 1582 1393 1610 damno
1420 1592 1532 1611 nomen
1557 1583 1737 1611 habentem.

888 1628 944 1662 Qui
967 1633 1029 1656 tam
1056 1628 1135 1656 latus
1159 1633 1226 1656 erat
1250 1633 1405 1670 tantaeque
1428 1632 1539 1670 quietis
1564 1636 1598 1660 ut
1624 1642 1730 1661 omnes

884 1676 919 1704 In
941 1685 973 1703 se
999 1674 1152 1703 sufficeret
1180 1680 1298 1704 nostras
1325 1680 1512 1709 Concludere
1540 1690 1644 1710 naves.

886 1724 950 1757 Quo
976 1723 1066 1751 valde
1093 1723 1248 1761 speciosus
1270 1728 1336 1753 erat
1362 1729 1427 1757 Dan
1451 1730 1575 1758 nomine
1602 1731 1687 1759 vicus

885 1771 1030 1800 Lenissuis
1055 1772 1201 1809 jocundis
1228 1773 1316 1810 aquis
1335 1780 1427 1814 atque
1450 1777 1568 1805 hubere
1592 1777 1682 1815 gleba

886 1820 1083 1848 Proximitate
1108 1820 1219 1855 maris,
1246 1825 1400 1859 portuque
1423 1824 1544 1861 situque
1572 1824 1729 1862 superbis.

886 1868 942 1897 Hic
968 1869 1128 1897 Savaricus
1155 1878 1228 1906 opes
1252 1870 1369 1899 cunctis
1396 1881 1413 1900 e
1436 1873 1573 1911 partibus
1600 1873 1684 1901 orbis

887 1918 1013 1956 Navigio
1041 1917 1183 1946 advectas
1210 1928 1303 1956 supra
1328 1928 1413 1957 spem
1441 1922 1578 1960 repperit
1601 1930 1724 1950 omnem

889 1966 997 1994 Infecti
1020 1966 1142 2004 argenti
1166 1976 1294 2002 massas,
1317 1970 1469 2009 rubeique
1494 1970 1610 1999 metalli

889 2012 1025 2042 Stamina
1048 2013 1291 2051 Phoenicumque
1320 2014 1429 2045 Serum
1452 2018 1670 2057 Cicladumque
1694 2018 1818 2047 labores

888 2063 924 2091 Et
949 2072 1025 2101 quas
1053 2062 1105 2091 hic
1129 2062 1222 2090 mittit
1246 2063 1345 2091 varias
1370 2065 1502 2103 Ungaria
1528 2065 1623 2103 pelles

890 2112 1053 2150 Granaque
1080 2121 1154 2139 vera
1180 2110 1291 2149 quihus
1321 2114 1434 2150 gaudet
1459 2115 1588 2144 scarleta
1614 2116 1727 2145 rubere

891 2160 966 2189 Cum
992 2160 1108 2188 ratibus
1131 2159 1202 2188 vino
1229 2159 1326 2197 plenis
1355 2162 1502 2191 Vasconia
1529 2162 1621 2202 quale

889 2209 943 2237 Vel
969 2209 1096 2247 Rupella
1124 2208 1221 2247 parit,
1250 2218 1321 2238 cum
1346 2208 1429 2238 ferro
1455 2220 1587 2249 cumque
1612 2210 1742 2239 metallis

889 2259 964 2287 Cum
989 2258 1099 2297 pannis
1127 2257 1282 2296 rebusque
1309 2258 1375 2288 aliis
1398 2269 1472 2298 quas
1499 2259 1607 2298 Anglia
1635 2260 1685 2289 vel
1713 2269 1788 2299 quas

887 2307 981 2336 Dacia
1006 2307 1180 2336 contulerat
1205 2307 1297 2343 illuc,
1317 2308 1477 2339 mittantur
1498 2313 1531 2337 ut
1552 2308 1625 2337 inde

890 2354 923 2382 In
946 2355 1045 2383 varias
1066 2354 1174 2383 mundi
1200 2359 1301 2393 partes
1323 2355 1515 2395 dominisque
1537 2360 1696 2395 reportent

888 2404 986 2434 Lucra
1008 2406 1069 2435 suis
1093 2405 1204 2445 quibus
1227 2409 1272 2435 est
1299 2415 1366 2445 spes
1389 2413 1509 2443 semper
1534 2404 1627 2434 mixta
1653 2404 1768 2433 timori.

431 2518 439 2555 χ
420 2419 443 2505 sp

443 2490 463 2559 Q:

451 2555 460 2572 κ

413 2643 516 2677 μ’έῖῗῧὸἴὲχ

434 2619 461 2653 3⁵3.
446 2594 465 2609 χ

411 2626 446 2671 eg

466 2623 504 2659 ωὲ

505 2623 679 2676 ἢ»

785 2648 817 2650 Ι

881 2649 915 2651 1

1426 2646 1463 2648 l

1566 2645 1595 2647 [

1646 2645 1678 2647 Ι

1680 2645 1709 2647 Ι

1861 2644 1912 2647 Ε

1930 2641 1998 2646 l

2014 2618 2219 2672 t
