2372 3082
127 335 1088 391 QQQQ-ffl—ffiffl
1164 374 1168 376 —

128 386 182 420 &ss

605 567 692 597 Sorte
713 570 817 597 Comes
839 568 932 597 dubia
955 568 1108 608 subitique
1135 569 1273 607 angustia
1302 578 1388 597 casus

589 616 715 657 ‘Omnia
737 627 806 656 quae
827 617 925 655 pirata
950 627 1043 655 rapax
1069 617 1228 647 Savaricus
1250 621 1281 645 et
1301 617 1366 654 ejus

608 664 680 692 Dira
696 665 804 693 cohors
827 664 941 692 inidem
969 665 1027 693 sibi
1054 665 1237 694 conciliante
1260 665 1377 693 Cadoeo

607 713 768 751 Diripuere
791 712 849 740 sibi
873 712 1025 750 sociisque
1044 712 1222 750 juvantibus
1248 712 1330 749 ipsos

606 762 671 791 Non
696 761 786 790 veriti
810 761 925 790 violare
952 761 1044 790 fidem
1069 765 1255 800 pactumque
1280 763 1406 799 negare

607 811 678 845 Quae
703 810 814 839 nostris
839 814 964 848 peccata
994 809 1091 848 (reor)
1116 818 1252 838 nocuere
1278 808 1401 837 carinis.

419 908 473 948 Et
509 909 592 949 alio
625 909 726 948 item
763 909 869 948 loeo.

604 1024 668 1051 Jam
692 1031 745 1050 sua
772 1031 828 1059 per
854 1020 991 1059 speculas
1012 1020 1165 1049 Bloetinus
1188 1022 1275 1059 signa
1296 1021 1408 1049 levavit

605 1070 706 1098 Omnis
729 1070 903 1109 {sangrinus
929 1070 1067 1098 Furnites
1090 1070 1182 1109 Belga
1208 1070 1264 1098 sub
1290 1079 1353 1098 uno

607 1118 693 1146 Coetu
717 1117 871 1146 Ferrando
898 1117 1005 1146 Comiti
1032 1128 1064 1147 se
1089 1118 1305 1146 consociarunt

608 1167 643 1194 Et
668 1166 776 1194 nostris
800 1175 869 1194 cum
891 1165 1037 1194 ssolonida
1059 1166 1125 1204 jam
1147 1166 1275 1194 navibus
1296 1166 1410 1194 instant

606 1213 718 1242 Littore
741 1223 810 1253 quae
837 1213 924 1251 largo
947 1218 1062 1241 temere
1089 1224 1120 1241 se
1143 1213 1358 1242 dissociarunt.

416 1319 530 1359 Idem
560 1319 611 1360 de
644 1319 790 1360 iisdem
825 1320 944 1359 bellis
979 1319 1189 1359 Fernandi
1225 1319 1410 1360 Comitis.

604 1433 664 1463 Sed
686 1442 744 1462 nec
771 1434 942 1472 Isangrinos
963 1443 1034 1463 cum
1059 1434 1156 1472 Belgis
1178 1438 1208 1462 et
1231 1434 1380 1462 Bloetinos

604 1482 676 1510 Rixa
696 1486 813 1510 vetusta
839 1485 941 1516 tenet,
969 1482 1167 1520 intestinique
1190 1481 1310 1511 furores
1362 1472 1370 1481 '

603 1529 640 1558 Se
667 1530 778 1568 quibus
800 1529 945 1558 infestant
972 1529 1208 1568 alternatimque
1229 1530 1382 1559 lacessunt

602 1579 678 1612 Quin
701 1579 803 1616 jurata
825 1582 917 1606 ruant
941 1578 973 1605 in
998 1578 1119 1616 praelia:
1143 1577 1401 1617 Francigenisque

603 1627 680 1654 Dum
705 1630 844 1664 pugnant
864 1630 981 1654 veteres
1003 1625 1091 1663 juvat
1115 1626 1317 1654 intermittere
1342 1636 1458 1665 pugnas

605 1674 681 1707 Quid
705 1683 810 1702 moror
833 1673 885 1702 hic
906 1672 1043 1702 referens
1068 1684 1123 1712 per
1148 1675 1286 1713 singula,
1314 1675 1454 1704 Flandria
1483 1680 1544 1704 tota

604 1721 688 1749 Ultro
709 1721 873 1760 belligeros
895 1721 928 1749 in
953 1721 1059 1760 praelia
1082 1722 1178 1751 trudit
1199 1722 1349 1752 alumnos.

603 1769 711 1807 Utpote
733 1769 786 1808 qui
807 1771 935 1798 Francos
961 1770 1054 1798 odere
1076 1770 1219 1805 latenter,
1249 1775 1279 1798 et
1304 1771 1384 1809 ipsos

607 1816 743 1845 infensos
767 1818 832 1855 regi
858 1818 980 1846 Comitis
1005 1827 1085 1846 nova
1109 1818 1224 1847 fecerat
1248 1818 1307 1848 ira.

601 1864 741 1892 flandria
766 1866 861 1893 Marte
887 1870 1013 1903 potens,
1042 1867 1134 1894 armis
1155 1867 1288 1895 exercita
1311 1867 1428 1895 crebris

601 1913 742 1942 flandria
764 1924 837 1952 gens
858 1914 967 1951 opibus
994 1914 1084 1942 variis
1111 1918 1141 1942 et
1166 1915 1258 1943 rebus
1285 1915 1445 1943 abundans

602 1963 679 1991 Gens
704 1961 853 1989 intestinis
880 1961 1000 1990 sibimet
1026 1961 1170 1991 damnosa
1193 1962 1290 1990 ruinis

604 2011 698 2038 Parca
723 2009 817 2044 cibis,
842 2008 939 2038 facilis
966 2019 1111 2048 expensa,
1140 2010 1242 2039 sobria
1264 2015 1339 2049 potu

601 2060 689 2088 Veste
711 2058 829 2093 nitens,
851 2057 996 2086 membris
1018 2067 1164 2096 procera,
1192 2063 1319 2087 venusta
1344 2059 1456 2089 decore

605 2107 769 2146 Splendida
791 2107 930 2141 caesarie,
959 2106 1046 2134 vultu
1069 2107 1179 2141 rubra,
1207 2107 1337 2135 candida
1364 2115 1456 2136 carne

604 2155 774 2183 Innumeris
799 2155 917 2192 piscosa
938 2153 1034 2190 vadis,
1060 2158 1091 2182 et
1115 2153 1241 2183 flumine
1263 2154 1359 2183 multo

604 2203 792 2241 Fossatisque
815 2203 878 2231 vias
903 2202 944 2231 ita
970 2202 1229 2241 praepedientibus
1252 2207 1286 2231 ut
1310 2202 1359 2231 vix

606 2253 748 2281 introitus
775 2255 877 2289 pateat
902 2250 1094 2279 venientibus
1120 2251 1258 2280 hostibus
1282 2251 1385 2280 extris.

604 2302 679 2329 Tuta
703 2299 773 2328 satis
796 2299 818 2327 si
840 2298 920 2328 bella
943 2299 998 2328 sibi
1021 2299 1121 2328 civilia
1150 2299 1250 2328 desint

606 2349 768 2377 Frumento
794 2358 886 2388 quam
912 2348 988 2377 ditat
1014 2358 1099 2388 ager,
1122 2348 1240 2379 navalia
1262 2357 1384 2385 merce,

606 2396 694 2425 Lacte
719 2396 819 2435 pacis,
846 2397 963 2436 butyris
985 2401 1174 2435 armentum,
1201 2396 1334 2436 piscibus
1356 2406 1464 2436 aequor
