2372 3082
1056 363 1113 399 (235)
1740 354 1913 407 »ffssg

399 584 596 637 magistro
636 583 827 636 equitum
864 584 973 637 regis
1012 582 1238 637 Chilperici
1257 613 1268 633 ‚
1322 582 1579 623 Celestinum
1629 583 1783 624 abbam

395 647 737 687 Blandiniensem
753 646 969 686 Martellus
985 647 1030 686 in
1046 647 1215 686 exilium
1232 647 1406 686 extrusit
1426 653 1648 701 propterea
1670 649 1784 703 quod

395 711 586 766 partibus
620 710 897 752 Ramanfredi
931 711 1025 765 plus
1060 726 1183 766 aequo
1218 713 1385 752 studere
1416 713 1638 759 diceretur.
1677 714 1785 754 Sunt

395 776 468 829 qui
505 780 546 814 et
585 774 812 815 monachos
856 788 997 814 omnes
1035 776 1174 829 pulsos
1209 790 1259 817 ac
1296 783 1506 817 vastatum
1546 778 1783 818 coenobium

393 841 579 881 tradant.
618 839 735 880 Obiit
765 846 905 881 autem
935 847 1079 895 postea
1109 841 1354 881 Coelestinus
1382 842 1428 882 in
1454 844 1707 883 monasterio
1735 850 1785 884 ut

393 905 486 958 lego
502 904 822 955 Rotornacensi,
842 919 954 945 anno
972 905 1125 945 dehinc
1141 906 1508 960 septingentesimo
1525 907 1784 961 quinquage-

393 969 516 1018 simo,
542 974 694 1022 quarto
714 968 928 1009 Kalendas
942 968 1165 1009 Januarias
1176 1001 1187 1020 ,
1209 971 1255 1010 in
1271 986 1371 1025 agro
1386 973 1784 1013 Teneraemundensi

393 1045 440 1070 eo
462 1032 541 1070 loci
563 1032 630 1070 cui
650 1031 948 1072 Diekelvennae
977 1047 1145 1076 nomen.
1171 1035 1288 1076 Obiit
1312 1043 1480 1077 sanctus
1500 1039 1564 1078 vir
1583 1038 1783 1079 Hilduar-

391 1097 468 1137 dus
503 1096 786 1136 Leucororum
821 1098 1040 1153 episcopus
1050 1130 1061 1149 ‚
1099 1100 1233 1140 multa
1265 1102 1320 1141 ob
1354 1101 1629 1154 Evangelium
1660 1116 1711 1143 ea
1739 1103 1784 1142 in

391 1162 561 1215 regione
581 1175 744 1216 passuS,
769 1170 1046 1216 persequente
1072 1178 1167 1204 eum
1193 1165 1384 1219 inprimis
1408 1165 1643 1220 Magryptio
1665 1180 1783 1207 acer—

391 1226 497 1265 rimo
530 1225 758 1265 Christiani
789 1227 970 1266 nominis
1001 1227 1141 1279 hoste,
1167 1243 1193 1268 a
1214 1244 1297 1283 quo
1319 1231 1470 1270 mulier
1492 1232 1638 1281 vidua,
1663 1231 1782 1288 cujus

391 1290 529 1331 fuerat
563 1291 627 1331 vir
654 1291 746 1345 pius
783 1305 880 1331 usus
916 1292 1097 1346 hospitio
1123 1293 1390 1334 obtruncata.
1415 1295 1603 1334 Tandem
1626 1296 1782 1335 nihilo-

390 1356 528 1396 minus
559 1357 818 1411 Magryptius
848 1358 1022 1398 consilia
1051 1359 1196 1398 retulit
1216 1359 1262 1398 in
1281 1359 1428 1399 melius
1453 1373 1502 1399 ac
1526 1360 1570 1399 in
1596 1365 1782 1402 nostram

390 1422 591 1462 concessit
625 1422 885 1475 religionem.
933 1421 1161 1464 Conditum
1195 1424 1495 1465 Dickelvennae
1526 1425 1779 1467 coenobium.

388 1485 490 1541 Ejus
527 1486 775 1526 sanctissimi
810 1487 1000 1540 praesulis
1034 1488 1226 1542 reliquiae
1261 1489 1553 1529 custodiuntur
1586 1490 1783 1530 Tenerae-

389 1551 575 1592 mundae.
612 1552 771 1592 Eodem
801 1565 914 1592 anno
945 1552 1119 1604 Pipinus
1149 1550 1388 1593 Austrasius
1425 1553 1564 1593 Caroli
1600 1554 1780 1594 Martelli

389 1615 519 1665 filius,
540 1629 588 1655 ex
608 1615 818 1655 sententia
838 1620 879 1654 et
900 1614 1157 1655 authoritate
1177 1616 1358 1656 Romani
1378 1616 1594 1657 Pontificis
1617 1617 1780 1659 Zacha-

389 1681 484 1730 riae,
518 1694 591 1719 rex
621 1681 828 1721 salutatur
861 1680 1140 1728 Francorum,
1177 1682 1251 1734 qui
1281 1682 1444 1735 ingenti
1481 1682 1696 1723 foelicitate
1730 1697 1780 1724 ae

389 1744 523 1796 gloria
551 1744 650 1783 belli
679 1744 860 1784 Saxones
884 1744 930 1783 in
956 1742 1191 1795 Austrasia‚
1226 1746 1523 1800 Longobardos
1555 1748 1600 1786 in
1632 1747 1776 1799 Italia,

389 1806 601 1847 Vandalos
630 1808 676 1846 in
712 1807 936 1861 Hispania,
969 1809 1204 1862 Aquitanos
1234 1810 1279 1850 in
1307 1810 1442 1850 Gallia
1475 1811 1637 1851 domuit
1667 1826 1779 1853 anno

388 1879 528 1913 autem
559 1872 662 1913 DCC
696 1872 793 1923 LII,
833 1873 1099 1914 Hildebertus
1135 1873 1247 1913 abba
1276 1873 1586 1914 Blandiniensis
1622 1877 1779 1916 occisus

388 1950 413 1976 a
435 1937 637 1977 militibus
659 1936 832 1976 Caesaris
853 1936 1140 1989 Constantini,
1166 1945 1406 1979 sanctorum
1436 1946 1669 1994 martyrum
1699 1956 1780 1982 nu-

386 2013 547 2040 merum
568 2001 726 2040 auxisse
747 2001 945 2041 creditur.

444 2065 548 2106 DCC
583 2065 720 2115 LIIII,
757 2066 907 2120 quinto
947 2067 1107 2106 decimo
1149 2064 1362 2107 Kalendas
1392 2067 1633 2107 Decembris
1668 2068 1779 2109 abba

388 2130 640 2181 Gandensis,
675 2132 785 2171 idem
820 2132 1047 2186 Episcopus
1081 2135 1224 2184 postea
1253 2130 1512 2180 Leodicnsis,
1547 2130 1778 2183 Agilfridus

388 2196 529 2236 attulit
550 2211 598 2235 ex
619 2196 865 2250 Lotaringia
896 2197 950 2237 ad
972 2195 1208 2236 coenobium
1241 2193 1463 2234 Gandcnse
1495 2209 1643 2248 corpus
1671 2195 1777 2235 divae

386 2261 667 2302 Pharahildis.
702 2261 802 2302 Haec
832 2262 886 2302 ab
917 2261 1144 2310 Gerunda,
1183 2260 1369 2300 antistite
1405 2260 1690 2314 NNigellensi,
1725 2261 1776 2299 de

387 2337 502 2363 sacro
532 2325 669 2364 levata
694 2324 808 2364 fonte
841 2326 1055 2380 literisque
1082 2327 1306 2375 instructa,
1338 2326 1490 2365 multos
1516 2341 1591 2381 per
1618 2341 1771 2375 annos,

385 2390 590 2431 illibatam
622 2390 666 2430 in
697 2389 891 2445 conjugio
928 2392 1148 2432 custodivit
1185 2391 1484 2446 virginitatem.
1529 2391 1677 2432 Frater
1711 2392 1773 2430 illi

1892 353 1952 379 §aa
1959 357 2010 378 *aem

1986 478 2005 554 4
