2372 3082
399 322 1355 378 &affl—(75)

402 376 458 589 ἢ

638 571 753 607 xux,
784 555 1008 598 Insulanus
1043 571 1152 608 11111,
1186 556 1469 596 Cortracensis
1503 568 1607 605 xm,
1644 556 1900 596 Sicliniensis
1928 571 2029 607 xxx,

637 620 928 662 Helchinensis
956 636 1091 673 xxxn,
1130 620 1488 675 Aldenburgensis
1523 634 1633 670 xmv,
1673 621 2035 675 Ardenburgensis

636 700 766 738 xxvu,
792 700 878 741 qua
898 688 943 728 in
969 687 1194 728 decarchia
1213 686 1490 727 inundatione
1520 685 1666 724 oceani
1700 685 1903 723 submersi
1938 689 2036 724 sunt

635 753 734 808 pagi
772 767 869 793 cum
908 754 1070 794 aedibus
1111 753 1302 801 curiatis,
1345 750 1587 800 Avenkerc,
1629 751 1782 800 Hama,
1832 749 2031 801 Isendiic,

635 816 871 857 Rollarium
893 830 1068 865 novum,
1093 814 1474 863 Oostmanskerck,
1494 813 1721 854 Romboldi
1738 828 1890 868 pagUS,
1912 813 2036 854 Wes-

633 880 762 919 tenda
802 879 848 917 in
889 877 1061 932 Vulpis,
1109 877 1278 927 Varna,
1326 876 1645 928 Waterfletum,
1693 893 1789 918 cum
1839 878 2037 919 Wastina

634 944 824 985 coenobio
841 942 1198 994 Guilelmitarum,
1218 957 1331 983 anno
1346 943 1504 982 scilicet
1520 944 1664 984 salutis
1681 944 1722 983 M
1732 942 1832 983 CCC
1842 942 2033 993 LXXIV,

633 1009 810 1063 septimo
849 1007 942 1047 idus
983 1007 1191 1047 Octobris.
1247 1006 1478 1046 Wasiensis
1524 1008 1717 1047 Decanus
1768 1006 2036 1047 administrat

633 1073 826 1114 ecclesias
870 1071 1048 1126 triginta
1090 1077 1205 1122 octo,
1259 1069 1583 1114 Aldenardensis
1626 1072 1803 1126 triginta
1851 1078 2030 1127 septem,

634 1138 891 1180 Rolariensis
925 1152 1049 1178 xxxu.

690 1269 830 1310 Habet
858 1270 960 1310 item
988 1269 1221 1325 Episcopus
1242 1268 1502 1309 Morinorum
1530 1269 1575 1307 in
1600 1267 1804 1308 Flandria
1822 1268 2034 1309 archidia-

634 1350 782 1377 conem
802 1351 935 1377 unum
959 1350 1009 1375 ac
1029 1336 1262 1375 sacerdotes
1285 1333 1520 1375 Decarchos
1541 1333 1781 1384 duodecim,
1811 1347 1862 1373 ex
1881 1333 2034 1387 quibus

633 1401 868 1441 Markensis
903 1400 1096 1455 paroeciis
1131 1405 1283 1455 praeest
1317 1413 1395 1448 vn,
1433 1397 1740 1450 Broburgensis
1789 1412 1877 1448 xxl,
1931 1397 2035 1437 Ber-

634 1467 770 1521 gensis
789 1481 907 1517 xxlx,
932 1467 1160 1506 Furnensis
1179 1480 1269 1517 xxi,
1293 1463 1585 1504 Dixmudensis
1600 1477 1671 1513 xv,
1694 1462 2030 1511 Zanthoviensis,

632 1529 715 1570 hoe
757 1535 838 1581 est,
886 1531 1209 1584 Neoportuensis
1249 1544 1342 1580 vm,
1386 1529 1587 1582 Yprensis
1626 1542 1727 1578 xxv,
1769 1529 2035 1583 Popringen-

632 1596 686 1636 sis
705 1610 798 1647 xix,
824 1596 1083 1637 Balliolanus
1103 1611 1192 1648 xlv,
1219 1594 1474 1650 Broylensis,
1499 1593 1580 1633 hoc
1607 1599 1689 1643 est,
1714 1592 1887 1633 Minoris
1908 1593 2032 1635 Villae

632 1673 724 1710 xm,
762 1659 1008 1701 Casletanus
1043 1676 1142 1711 xxv,
1184 1659 1414 1714 Arquensis
1444 1674 1534 1709 le,
1570 1658 1777 1699 Caeterum
1799 1659 2034 1700 Duacenses

629 1729 671 1764 et
706 1723 1017 1779 Armentyriaci
1051 1739 1148 1765 cum
1179 1724 1263 1765 suis
1300 1723 1604 1778 appendicibus
1636 1722 1843 1777 Episcopo
1883 1729 2036 1777 parent

629 1788 910 1828 Atrebatium.
959 1788 1251 1828 Cameracensi
1285 1803 1383 1828 vero
1424 1786 1648 1842 subjicitur
1678 1802 1776 1842 pars
1810 1787 2035 1828 Transcal-

630 1854 743 1894 dana
777 1854 957 1895 civitatis
992 1852 1289 1904 Tornacensis,
1323 1857 1451 1906 atque
1478 1852 1612 1891 omnis
1648 1852 1862 1892 Flandriae
1897 1853 2033 1893 domi—

627 1925 752 1960 natus
773 1919 1134 1969 Transcaldanus,
1166 1919 1211 1959 in
1239 1933 1323 1973 quo
1349 1924 1446 1959 sunt
1476 1932 1607 1973 parva
1637 1917 1793 1972 oppida
1814 1914 2027 1967 Alostum,

628 1984 805 2026 Gerardi
832 1999 971 2036 mons,
996 1985 1165 2035 Ninive,
1198 1985 1541 2033 Teneremunda,
1566 1984 1755 2024 Pamella
1776 1981 2031 2024 Aldenardae

627 2065 752 2106 super
781 2051 972 2091 Scaldem
1009 2051 1243 2091 commissa.
1282 2050 1413 2089 Porro
1447 2047 1759 2104 Trajectensem
1795 2054 2031 2101 agnoscunt

627 2122 810 2171 quatuor
845 2116 1006 2166 officia,
1045 2116 1127 2156 hoc
1164 2123 1248 2167 est,
1289 2115 1505 2165 Hulstani,
1548 2114 1818 2164 Bocholtani,
1854 2112 2031 2154 Assene-

626 2181 749 2231 dani,
788 2186 830 2220 et
865 2180 1064 2220 Axillani.
1101 2181 1388 2237 Trajectenses
1423 2180 1599 2220 tradunt
1635 2180 1680 2220 in
1718 2180 1821 2220 actis
1861 2194 2030 2220 suorum

626 2244 875 2300 pontificum
890 2276 901 2296 ,
933 2251 1116 2300 quatuor
1143 2246 1279 2286 officia
1299 2245 1549 2285 beneficium
1571 2245 1894 2298 clientelamque
1915 2245 2028 2285 anti-

628 2309 772 2364 quitus
793 2308 917 2349 fuisse
941 2310 1003 2349 sui
1022 2310 1238 2365 Episcopi,
1261 2324 1393 2365 eoque
1412 2311 1581 2350 nomine
1601 2309 1795 2350 comitem
1816 2309 2025 2350 Flandriae

629 2373 718 2430 ejus
740 2375 844 2416 sedis
865 2375 1195 2418 beneficiarium.

1991 2607 2260 2661 &aa
