2372 3082
177 457 193 599 ς
395 576 464 609 tur
484 571 627 610 salutis
644 585 779 611 annus
797 573 1231 628 quadringentesimus
1253 577 1594 631 quadragesimus
1613 579 1784 633 quintus
1981 514 1997 612 ὃ

394 634 651 675 Francorum
681 652 822 691 regem
855 638 1097 680 Clodionem
1128 647 1368 695 postquam,
1405 642 1556 682 Rheno
1586 643 1784 698 Mosaque

393 700 663 751 transmissis,
687 701 878 755 Tungros
905 717 954 743 ac
977 704 1216 744 Texandros
1238 705 1484 758 subegisset,
1515 709 1569 748 ad
1593 710 1784 749 Scaldem

393 779 525 818 usque
555 764 712 807 flumen
750 769 988 819 accessisse,
1028 770 1227 823 caesisque
1263 775 1336 809 aut
1371 769 1523 824 fugatis
1559 774 1781 824 Romanis,

393 829 667 871 Cameraeum
689 832 1011 887 Tornaeumque
1032 834 1077 874 in
1098 840 1346 889 potestatem
1368 836 1587 891 redegisse.
1623 838 1786 878 Dehine

393 900 582 948 promoto
616 896 660 935 in
701 897 881 937 Morinos
917 899 1098 938 exercitu
1117 930 1128 947 ,
1171 898 1448 950 Golduerum,
1488 901 1783 943 Ruthenorum

391 958 750 1015 Cymbrorumque
787 962 934 1002 ducem
954 993 965 1011 ,
1009 964 1179 1002 Morinis
1223 967 1434 1019 suppetias
1470 974 1780 1019 occurrentem,

390 1038 485 1064 cum
529 1024 616 1064 filia
656 1026 846 1079 coepisse,
885 1026 1159 1066 Taruannam
1196 1028 1453 1070 Morinorum
1493 1031 1638 1071 urbem
1680 1033 1783 1072 diri-

390 1089 544 1142 puisse,
578 1090 788 1145 captivam
820 1089 1018 1131 Goldueri
1053 1091 1182 1131 filiam
1219 1092 1475 1134 Flandberto
1511 1109 1561 1136 ex
1589 1097 1784 1138 Blesinde

390 1167 528 1194 sorore
550 1155 692 1210 nepoti
708 1161 888 1209 nuptum
906 1156 1083 1206 dedisse,
1103 1157 1307 1211 illumque
1325 1157 1535 1213 Cymbris,
1555 1161 1780 1213 RutheniS,

392 1220 591 1273 omnique
611 1221 748 1275 plagae
768 1221 1010 1270 maritimae,
1040 1222 1085 1260 in
1107 1221 1188 1261 fide
1215 1222 1473 1265 Francorum
1499 1226 1779 1280 possidendae,

389 1285 634 1339 praefecisse.
648 1285 770 1324 Hune
785 1285 964 1325 nominis
979 1286 1190 1325 Flandriei
1208 1287 1465 1328 conditorem
1482 1296 1784 1345 parentemque

388 1350 532 1400 fuisse,
561 1350 761 1405 Cymbros
785 1356 827 1389 et
853 1349 1071 1390 Ruthenos
1093 1351 1262 1391 nomine
1291 1367 1364 1393 suo
1389 1354 1593 1394 Flandros
1615 1355 1778 1407 fecisse,

388 1414 583 1465 Holdino,
604 1415 742 1454 uxoris
759 1413 902 1464 fratre,
923 1415 1045 1454 domo
1061 1415 1283 1469 patriaque
1300 1419 1483 1472 expulso.
1508 1419 1591 1459 Nec
1607 1420 1776 1471 desunt,

388 1479 462 1534 qui
491 1485 623 1519 totam
657 1480 869 1533 regionem
904 1481 1133 1520 incinctam
1166 1481 1277 1521 inter
1311 1482 1524 1533 Sealdem,
1556 1485 1779 1526 Somonam

388 1550 429 1584 et
462 1543 677 1584 Oceanum
709 1544 808 1584 huic
839 1545 1087 1586 attributam
1123 1546 1274 1596 velint,
1313 1548 1468 1587 nedum
1503 1563 1619 1588 oram
1651 1551 1780 1589 mari-

387 1610 533 1650 timam
581 1625 606 1651 a
647 1610 795 1650 Scalde
840 1611 1120 1664 pertinentem
1174 1612 1228 1651 ad
1273 1613 1474 1666 oppidum
1528 1614 1774 1655 Bononiam.

388 1674 584 1714 Adducor
615 1675 737 1714 facile
766 1680 814 1714 ut
843 1676 1032 1726 credam,
1064 1674 1326 1731 Aldenborg,
1361 1677 1634 1732 Rodenborg,
1668 1679 1779 1719 Tur-

386 1738 501 1789 holt,
541 1739 743 1794 Mardyek
783 1745 824 1778 et
858 1739 1073 1793 Burborg,
1110 1755 1205 1779 eum
1241 1742 1332 1780 aliis
1368 1743 1581 1782 nonnullis
1622 1743 1778 1796 primos

386 1803 664 1844 Flandrorum
682 1804 790 1844 vieos
814 1804 1068 1858 castellaque
1086 1818 1134 1844 ea
1155 1810 1401 1860 tempestate
1423 1807 1616 1846 extitisse.
1636 1807 1780 1848 Tertio

385 1876 476 1923 post
496 1869 588 1909 haee
610 1884 741 1920 anno,
767 1868 964 1909 defuncto
986 1869 1204 1919 Clodione‚
1225 1871 1434 1911 Meroveus
1461 1873 1573 1926 apud
1595 1872 1778 1913 Francos

384 1949 613 1989 purpuram
657 1936 861 1990 sumpsit,
909 1933 1027 1989 cujus
1071 1935 1311 1988 principatu
1356 1950 1451 1975 cum
1490 1951 1565 1990 per
1607 1951 1776 1978 omnem

384 2014 513 2054 prope
530 2000 711 2040 Galliam
727 2000 960 2039 mirabilem
982 1999 1026 2038 in
1048 1999 1217 2038 modum
1239 1999 1536 2040 barbarissima
1556 2001 1774 2041 Hunorum

384 2066 544 2106 saeviret
570 2065 812 2115 erudelitas,
838 2063 1173 2117 Aldenburgium
1203 2064 1416 2104 Flandriae
1451 2065 1632 2105 excisum
1657 2080 1773 2106 ever-

384 2145 557 2184 sumque
587 2130 640 2169 ab
670 2144 719 2169 ea
750 2135 871 2183 gente
901 2129 1081 2182 reperio.
1107 2129 1167 2168 De
1191 2129 1447 2169 Flandberto
1471 2131 1661 2184 principe
1688 2145 1771 2184 quo

383 2195 617 2245 devenerit,
651 2207 798 2247 parum
832 2192 996 2232 invenio
1006 2207 1016 2241 3
1051 2192 1286 2246 Stephanus
1317 2207 1472 2243 comes,
1506 2194 1568 2233 vir
1603 2194 1771 2247 ingenio

384 2259 598 2298 excellenti
613 2289 623 2307 ,
657 2258 701 2297 in
731 2257 991 2310 sanetologo,
1020 2271 1045 2296 a
1073 2258 1263 2298 barbaris
1285 2273 1379 2298 cum
1398 2258 1618 2298 Theodora
1645 2274 1771 2299 uxore

383 2329 633 2372 mactatum,
671 2323 934 2376 relatumque
963 2327 1168 2362 memorat
1196 2323 1239 2362 in
1270 2337 1465 2376 superos:
1499 2337 1594 2377 quae
1629 2338 1693 2363 res
1723 2338 1770 2363 eo

383 2388 546 2428 videtur
571 2401 655 2427 esse
680 2386 956 2440 probabilior,
990 2389 1103 2439 quod
1130 2402 1247 2427 sacra
1272 2387 1573 2428 Ambianorum
1597 2390 1768 2429 ecclesia

149 2539 158 2602 ιον-Λ

169 2624 184 2653 ἵει
157 2494 200 2608 ἢ

185 2648 198 2676 ν’·
177 2502 212 2632 ζεῑῑκκκῧ»

207 2624 231 2676 ἱτῡὲ>

1954 2630 1977 2641 ἐ
1950 2532 1980 2617 Άζῖἲχχ

1984 2596 1994 2614 k*-
1985 2519 2003 2586 XxxN

243 2646 410 2677 71<

1850 2657 1915 2678 ἐκ

1967 2658 2000 2679 {⁹
