2372 3082
1285 340 1312 375 ῖ-,ἶ

1319 339 1344 375 :²3

609 559 822 608 referunt,
860 572 910 598 ac
949 571 1086 598 sacras
1127 557 1332 611 quasdam
1366 558 1583 598 inchoasse
1622 559 1731 599 aedes
1767 559 1883 603 brevi
1914 567 2007 615 post

609 626 664 666 ab
685 625 869 665 barbara
895 630 1020 679 gente
1046 638 1221 665 eversas.
1253 623 1334 663 Sed
1358 636 1384 663 a
1413 622 1653 677 Dagoberto
1683 624 1858 666 tandem
1889 627 2006 679 gravi

606 692 745 732 edicto
770 692 947 732 vetitum
968 706 1023 731 ne
1043 692 1137 746 quis
1162 691 1275 730 ultra
1295 689 1566 744 prophanare
1587 690 1746 744 templa
1766 690 2005 746 Christique

607 757 787 799 famulos
823 758 981 799 violare
1001 763 1202 798 tentaret.
1227 756 1344 796 Inter
1375 760 1546 794 caeteros
1568 755 1671 795 clari
1692 755 1874 795 nominis
1898 757 2008 797 viros

605 821 851 863 Allovinum
887 822 1101 863 Bavonem
1129 821 1357 861 Hasbaniae
1399 821 1562 860 comitis
1607 819 1829 875 Agilulphi
1873 821 2007 862 filium

603 887 758 941 praedis
792 900 842 926 ac
871 886 1031 940 rapinis
1052 891 1262 926 assuetum
1283 885 1338 925 ad
1358 884 1653 939 poenitentiam
1692 885 1922 936 convertit,
1959 899 2009 926 ac

601 952 822 992 coenobitis
853 951 1147 993 Gandensibus
1183 950 1397 1007 adjunxit,
1438 949 1513 1002 qui
1544 949 1652 989 cella
1681 948 1788 988 inibi
1820 949 2008 990 solitaria

600 1017 786 1057 reclusus
801 1017 1033 1057 triennium
1049 1017 1233 1056 maxima
1249 1013 1493 1055 austeritate
1509 1013 1639 1053 vitam
1659 1014 1760 1067 egit.
1781 1013 2008 1068 Quumque

600 1096 842 1137 supremum
872 1083 951 1123 sibi
981 1082 1108 1122 sensit
1127 1083 1285 1123 instare
1314 1080 1425 1120 diem
1455 1079 1715 1119 Domilinum
1746 1079 2005 1119 sacerdotem

600 1147 923 1189 Turholtensem
958 1163 1034 1204 per
1064 1154 1200 1189 vastas
1232 1147 1477 1187 solitudines
1514 1147 1668 1188 accivit
1703 1160 1729 1186 a
1763 1160 1848 1200 quo
1886 1159 2003 1185 sacro

600 1213 878 1266 praemunitus
913 1213 1067 1253 viatico
1100 1213 1293 1266 spiritum
1325 1211 1538 1264 deposuit,
1576 1210 1780 1250 Kalendis
1810 1209 2004 1249 Octobris

599 1291 714 1317 anno
744 1278 889 1319 salutis
909 1277 980 1318 DC
1002 1277 1156 1317 XXXI.

659 1340 784 1382 Anno
814 1347 958 1382 autem
981 1340 1052 1381 DC
1077 1341 1278 1391 XXXIII,
1313 1341 1449 1393 pridie
1475 1341 1568 1380 idus
1589 1340 1855 1390 Novembris,
1880 1355 2002 1381 sanc-

600 1414 668 1448 tus
690 1408 864 1449 Livinus
894 1408 940 1447 in
968 1421 1077 1462 pago
1097 1406 1426 1456 Brachbatensi,
1452 1407 1566 1461 apud
1586 1407 1794 1446 Hescham
1809 1437 1820 1456 ‚
1845 1406 2002 1448 Christi

601 1485 728 1513 causa
747 1477 974 1512 mactatur.
1000 1471 1268 1511 Percussores
1286 1470 1375 1527 ejus
1391 1471 1516 1512 fuisse
1532 1473 1762 1512 traduntur
1777 1472 2001 1513 Valbertus

600 1543 642 1577 et
670 1538 831 1577 Meinzo
857 1537 1006 1577 fratres
1034 1537 1163 1577 Holta
1189 1537 1280 1578 vico
1313 1537 1495 1577 oriundi.
1527 1537 1710 1591 Reperio
1739 1536 1854 1576 hunc
1874 1536 2000 1576 fuisse

599 1615 750 1656 genere
773 1602 943 1642 Scotum
961 1602 1177 1656 Theagnio
1208 1607 1250 1642 et
1270 1600 1466 1656 Agalmia
1491 1602 1613 1643 claris
1639 1608 1779 1642 ortum
1809 1603 1999 1656 parenti-

599 1668 697 1708 bus:
732 1669 990 1709 sacerdotem
1021 1674 1227 1723 praeterea
1247 1673 1375 1722 atque
1396 1666 1778 1721 archiepiscopum:
1814 1666 1999 1706 decimo-

600 1732 776 1787 septimo
800 1734 890 1773 kal.
918 1732 1097 1787 Augusti
1121 1732 1176 1772 ab
1200 1732 1420 1773 Florberto
1443 1732 1555 1773 abba
1578 1732 1794 1773 Gandensi
1824 1732 1999 1772 comiter

598 1809 650 1835 ac
685 1797 867 1851 benigne
903 1802 1143 1852 acceptum:
1192 1797 1246 1836 ad
1282 1797 1466 1837 Allovini
1502 1797 1682 1837 Bavonis
1729 1796 1998 1851 sepulchrum

598 1861 725 1901 sacris
745 1867 986 1915 operatum:
1016 1862 1132 1917 apud
1152 1860 1321 1901 Holtam
1343 1861 1550 1916 malignos
1577 1861 1747 1915 spiritus
1770 1862 1824 1901 ab
1844 1861 1997 1901 huma-

544 1974 547 1975 7
597 1926 663 1966 nis
692 1928 896 1982 expulisse
923 1929 1188 1983 corporibus:
1225 1929 1406 1969 Bernam
1436 1933 1477 1967 et
1507 1927 1804 1982 Craphaildem
1836 1926 1996 1966 nobiles

598 1998 811 2033 matronas
846 1993 900 2034 ab
932 1994 1147 2035 Christum
1173 1994 1442 2034 convertisse:
1472 2007 1583 2034 caeco
1613 1992 1878 2047 Craphaildis
1910 1992 1996 2032 filio

597 2057 836 2111 Ingelberto
874 2060 1008 2100 visum
1043 2060 1288 2100 reddidisse:
1329 2058 1626 2113 Craphaildem
1662 2059 1775 2113 quod
1814 2058 1995 2113 hospitio

597 2136 694 2163 eum
724 2125 950 2178 accepisset
985 2139 1081 2164 cum
1116 2124 1257 2164 Brixio
1291 2124 1453 2165 infante
1489 2125 1575 2165 filio
1613 2125 1667 2165 ab
1703 2125 1835 2179 impia
1870 2130 1995 2178 gente

595 2188 874 2228 trucidatam:
899 2189 1096 2229 Livinum
1118 2195 1159 2228 et
1180 2190 1368 2230 Brixium
1389 2191 1444 2230 ad
1465 2191 1635 2231 Holtam
1656 2205 1741 2231 uno
1764 2191 1994 2245 eodemque

595 2254 758 2293 tumulo
780 2268 829 2293 ac
843 2253 969 2309 juxta
989 2269 1055 2295 eos
1080 2255 1380 2309 Craphaildem
1402 2256 1635 2296 conditam.

654 2316 830 2357 Circiter
860 2319 1003 2359 salutis
1025 2333 1186 2359 annum
1216 2319 1319 2360 DCC
1342 2321 1500 2371 XVIII,
1526 2321 1857 2375 digladiantibus
1882 2322 1992 2361 inter

596 2396 638 2422 se
667 2383 955 2425 ardentissime
983 2384 1132 2427 Carolo
1171 2386 1362 2427 Martello
1397 2387 1587 2443 principe
1625 2401 1674 2428 ac
1704 2386 1990 2428 Ram-anfredo

1983 328 2151 368 >522

2190 393 2213 501 κΞῑΞι
2178 366 2209 381 (ἃ
2186 352 2206 356 ‘-
2182 327 2210 341 ,ἐ

2210 394 2245 529 &Ego
2218 362 2228 374 Q.
2213 332 2224 354 ,ω

2135 2633 2158 2662 7}
2161 2634 2175 2653 {A
2176 2643 2204 2654 QQQQ

2216 366 2246 430 Albi,
2211 327 2245 361 §vg
