2372 3082
349 2596 408 2654 effi

401 2638 449 2650 W

576 2623 611 2637 Q*

764 536 839 576 Quae
867 535 950 568 velut
976 536 1008 568 in
1036 536 1168 580 gemmis
1191 536 1397 571 carbunculus
1426 540 1535 584 igneus
1562 541 1651 574 ardet

810 589 899 622 Inter
924 594 1083 623 matronas
1107 590 1209 635 fulget
1237 590 1357 626 honore
1385 593 1463 638 pias.

765 642 804 674 Hi
832 641 1029 688 lustratores,
1041 643 1177 688 insignes
1203 645 1327 689 auspice
1354 646 1482 680 Christo

809 696 933 729 Nomen
957 697 1070 730 Joanni
1098 697 1157 730 rite
1186 696 1300 731 dedere
1328 699 1403 739 tibi,

763 747 856 788 Quod
885 747 971 782 dedit
996 749 1149 793 imprimis
1178 750 1356 784 Morbecius
1383 752 1516 795 inclytus
1542 751 1635 786 heros

808 802 942 835 Nomine
971 803 1091 847 gavisus
1118 807 1149 836 te
1175 804 1325 837 vocitasse
1351 816 1407 838 suo

762 855 828 887 Nec
854 858 888 887 tu
914 855 983 899 plus
1008 855 1106 889 ullum
1136 856 1233 900 patris
1257 858 1308 901 qui
1334 868 1445 891 nomen
1472 858 1596 892 amabas

808 909 940 942 Munera
966 909 1049 954 quod
1073 910 1199 943 Domini
1220 910 1367 956 largaque
1392 912 1473 946 dona
1498 918 1589 946 sonat

763 961 855 996 Haud
881 963 999 1007 maj0ra
1026 963 1082 998 tibi
1105 969 1213 1009 posset
1243 977 1311 999 mea
1340 978 1427 1000 musa
1456 978 1566 1001 vovere

808 1016 904 1050 Plena
932 1016 1022 1050 bonis
1051 1017 1185 1061 spondet
1209 1019 1260 1062 qui
1286 1020 1429 1062 genitura
1457 1024 1510 1053 tua

762 1069 875 1102 Omine
894 1068 1035 1113 jucundo
1064 1073 1095 1102 te
1118 1069 1202 1103 foelix
1229 1071 1339 1116 aspicit
1365 1075 1485 1105 astrum

808 1121 856 1154 Illi
881 1121 1080 1155 subscribens
1107 1123 1295 1167 aspicietque
1323 1124 1426 1163 Deus⁷

762 1175 808 1206 Te
829 1174 960 1209 docilem
989 1177 1119 1221 accipiet
1143 1176 1247 1221 phaebi
1275 1178 1373 1211 tutela
1399 1179 1543 1212 clientem

806 1228 911 1272 Atque
935 1227 991 1261 tibi
1019 1228 1164 1272 cytharas
1191 1228 1345 1275 doctaque
1368 1231 1487 1275 plectra
1516 1231 1614 1265 dabit.

761 1282 848 1325 Ergo
873 1292 930 1326 age
956 1282 1038 1316 clare
1060 1294 1139 1328 puer
1167 1295 1229 1329 quo
1257 1289 1289 1318 te
1317 1289 1406 1318 vocat
1430 1284 1527 1318 ardua
1555 1287 1652 1319 virtus

809 1336 934 1370 Nitere:
963 1348 1057 1382 quam
1082 1342 1237 1371 monstrat
1260 1338 1368 1372 sedulo
1393 1350 1485 1384 carpe
1514 1340 1612 1378 viam,

762 1389 967 1434 Natalemque
996 1394 1085 1423 tuum
1114 1391 1209 1424 niveis
1237 1391 1361 1435 signare
1389 1392 1527 1437 Japillis,

806 1442 854 1475 Sis
878 1452 1000 1475 memor
1026 1445 1059 1475 et
1085 1453 1172 1476 sacra
1203 1443 1423 1477 concelebrare
1450 1455 1555 1489 prece.

763 1495 837 1528 Haec
865 1496 889 1528 si
917 1494 1000 1528 forte
1022 1495 1106 1537 legas
1135 1505 1184 1527 me
1212 1496 1279 1528 vivo
1308 1496 1445 1529 carmina
1469 1496 1626 1539 quondam

809 1548 922 1581 Dicere
945 1557 1009 1580 non
1036 1557 1129 1590 grave
1153 1547 1193 1579 sit
1216 1548 1342 1590 Meyere
1366 1547 1432 1581 vive
1459 1547 1511 1580 diu

764 1601 806 1634 Et
831 1600 918 1633 finita
945 1598 1020 1632 mihi
1045 1598 1162 1632 fuerint
1185 1599 1210 1632 si
1234 1600 1384 1639 stamina,
1414 1599 1496 1633 dices

809 1653 856 1687 Sit
882 1653 1004 1698 requies
1033 1652 1142 1686 animae
1167 1651 1277 1688 Villice
1306 1653 1403 1687 multa
1429 1657 1501 1687 tuae„
