2372 3082
1308 324 2221 377 <fem—Q

2223 413 2245 496 Ὢ

2252 406 2274 473 Ὢ

640 555 750 603 filia,
782 553 990 593 Robertus
1018 554 1216 608 princeps
1247 553 1464 607 generavit
1492 553 1720 607 posteriore
1740 554 1912 607 quidem
1933 570 2037 596 con·
2083 594 2086 596 .

631 617 736 674 juge
745 648 756 668 ,
777 631 876 657 nam
897 618 1035 672 priore
1054 618 1250 658 Blancha
1265 617 1405 658 Caroli
1428 617 1739 672 Andegavensis
1755 618 1908 660 Siciliae
1927 622 2037 675 regis

636 684 743 733 filia,
768 698 897 738 quam
915 684 1093 723 duxerat
1108 683 1154 723 in
1170 683 1452 723 adolescentia
1464 714 1475 733 ,
1495 683 1804 735 immatureque
1820 684 2031 736 amiserat,

635 749 785 790 Carolo
806 756 975 790 tantum
1003 755 1094 789 erat
1119 754 1262 803 pater,
1296 749 1415 803 isque
1445 748 1619 788 decessit
1646 747 1875 787 admodum
1905 763 2031 802 puer,

634 821 806 869 accepto
835 828 860 854 a
886 828 1066 854 noverca
1096 814 1162 866 (ut
1190 813 1304 853 fama
1339 814 1441 867 est),
1473 826 1648 853 veneno·

690 879 946 927 Ludovicus,
982 878 1182 919 defuncta
1214 883 1369 929 matre,
1403 877 1648 919 Nivernium
1682 877 1802 917 adiit.
1838 877 1942 918 Erat
1971 879 2035 918 illi

631 950 766 984 mater
794 943 975 984 familias
997 943 1132 983 Maria
1163 943 1269 995 filia,
1309 943 1529 998 haeresque
1554 942 1702 992 Jacobi
1733 944 1896 984 comitis
1926 945 2035 986 Ras-

630 1009 794 1059 tellani‚
815 1023 865 1049 ex
880 1023 966 1064 qua
982 1009 1277 1063 cognominem
1287 1009 1364 1049 sibi
1381 1009 1517 1049 filium
1533 1008 1789 1049 Ludovioum
1808 1009 2033 1050 Flandria-

630 1089 726 1116 rum
752 1075 948 1116 comitem
970 1091 1020 1116 ac
1043 1075 1317 1129 Margaritam
1338 1074 1507 1128 genuit,
1533 1087 1663 1128 quam
1682 1073 1798 1114 dedit
1823 1073 1979 1114 ,Ioanni
2008 1089 2033 1114 a

630 1139 896 1190 Monteforti,
930 1141 1100 1182 Arcturi
1131 1141 1247 1181 ducis
1272 1140 1507 1180 Britanniae
1526 1138 1627 1178 filio.

687 1207 896 1248 Robertus
940 1207 1134 1260 princeps
1180 1206 1350 1245 ditionis
1392 1204 1626 1245 Casletanae
1662 1203 1815 1244 habuit
1860 1219 2032 1245 uxorem

627 1285 677 1310 ex
696 1271 919 1312 Britannia
939 1271 1150 1311 Joannam
1161 1301 1172 1321 ,
1195 1269 1365 1310 Arcturi
1387 1269 1504 1309 ducis
1521 1269 1653 1309 filiam
1665 1300 1675 1319 ,
1699 1269 1884 1324 indeque
1904 1270 2032 1310 Jolen

627 1335 756 1374 filiam
778 1335 1076 1390 haeredemque
1107 1336 1251 1376 datam
1273 1348 1445 1375 uxorem
1475 1335 1664 1375 Roberto
1696 1335 1793 1375 duci
1820 1333 2032 1377 Ambaro-

629 1415 743 1451 rum,
791 1415 971 1455 quorum
1015 1401 1060 1439 in
1095 1405 1302 1453 potestate
1345 1399 1589 1453 ditioneque
1629 1399 1778 1453 perdiu
1819 1399 2031 1441 Casletum

630 1468 846 1507 remansit.
873 1467 1082 1506 Foeminas
1108 1471 1250 1504 autem
1279 1464 1407 1518 hujus
1437 1465 1550 1502 thori
1579 1463 1788 1503 Joannem
1818 1464 2031 1517 Engerra-

630 1547 708 1571 nus
748 1530 1091 1577 Conchiacensis,
1142 1528 1254 1567 idem
1299 1526 1509 1580 Oysiensis
1560 1527 1799 1580 Montisque
1847 1528 2029 1569 Mirandi

628 1597 843 1651 princeps,
867 1595 1005 1634 tenuit
1029 1592 1311 1631 matrimonio.

685 1662 776 1701 Jole
797 1661 996 1700 maritata
1017 1673 1112 1698 cum
1137 1657 1308 1697 Galtero
1338 1656 1540 1712 Angiensi
1569 1657 1729 1698 Galteri
1756 1658 1864 1707 filio,
1893 1660 2029 1699 multa

624 1727 740 1767 foelix
775 1725 892 1780 prole
927 1723 1168 1773 Gasterum,
1207 1722 1420 1777 Sigerum,
1456 1723 1659 1772 Mariam,
1698 1723 1988 1765 Jolanthidem
2011 1757 2022 1776 ,

625 1793 922 1845 Joannamque
953 1790 1136 1845 peperit,
1171 1802 1351 1841 quorum
1378 1787 1480 1827 vivit
1515 1788 1731 1842 spiratque
1762 1788 1901 1829 adhuc
1929 1804 2026 1830 san-

626 1858 716 1911 guis
751 1857 796 1896 in
826 1856 949 1896 domo
982 1868 1032 1895 ac
1062 1853 1223 1893 familia
1253 1852 1455 1892 comitum
1486 1852 1592 1891 Fani
1629 1852 1767 1891 Pauli.
1807 1852 2023 1894 Mathildis

624 1922 802 1961 minima
834 1921 1010 1961 Roberti
1033 1920 1122 1960 filia
1142 1919 1309 1973 enupsit
1339 1919 1383 1958 in
1415 1917 1737 1972 Lotharingiam
1759 1926 2024 1972 supernatem

624 1986 825 2027 Matthaeo
837 2017 850 2035 ,
878 1986 995 2026 (lucis
1018 1985 1119 2025 filio.

681 2051 916 2091 Ludovicus
960 2050 1146 2091 Nivernii
1194 2050 1477 2105 Rastellaeque
1515 2051 1730 2106 princeps,
1778 2058 1898 2106 patre
1939 2052 2025 2093 Lu-

623 2117 768 2157 dovico
798 2116 891 2173 jam
920 2116 1143 2166 defuncto,
1177 2116 1365 2156 Roberto
1397 2131 1475 2156 avo
1505 2116 1549 2156 in
1579 2116 1825 2157 Flandriam
1861 2131 2024 2158 succes·
2222 2128 2230 2399 Ι

623 2182 689 2220 sit.
721 2182 879 2221 Habuit
900 2197 1071 2222 uxorem
1093 2183 1365 2236 Margaritam
1387 2183 1573 2237 Philippi
1589 2182 1740 2236 Longi,
1765 2181 2023 2223 Francorum

622 2247 730 2299 regis
789 2246 918 2286 filiam
942 2278 953 2297 ‚
1012 2248 1252 2288 Salinarum
1316 2248 1550 2302 principem
1574 2278 1585 2298 ,
1648 2261 1698 2287 ac
1764 2248 2021 2303 Burgundiae

624 2316 767 2363 postea
787 2309 1137 2366 Atrebatiumque
1171 2312 1380 2351 comitem.
1414 2312 1523 2352 Hinc
1553 2313 1702 2352 unicus
1733 2313 1889 2367 prodiit
1909 2313 2018 2353 filius

626 2375 862 2416 Ludovicus
894 2391 919 2416 a
950 2377 1041 2417 loco
1071 2378 1204 2418 natali
1234 2384 1511 2431 cognomento
1544 2378 1754 2429 Malanus,
1782 2379 2013 2429 Flandriae‚

404 2397 437 2529 Β)

2196 2575 2251 2605 κοτέ

389 2640 422 2658 2:2³:
427 2634 563 2659 3335&
1985 2613 2228 2667 &Q
2235 2653 2248 2666 ⁰
