2372 3082
761 547 911 578 Attamen
937 542 1002 575 haec
1028 541 1125 575 vilent
1149 541 1243 574 misso
1271 551 1336 585 prae
1364 543 1500 575 carmine
1523 549 1634 578 cuncta

808 600 936 641 Meyere
963 596 1139 630 Flandrinae
1164 594 1308 628 conditor
1339 595 1497 636 historiae,

759 654 894 685 Carmen
923 661 993 684 amo
1024 651 1153 684 missum
1186 660 1250 694 prae
1279 649 1398 681 cunctis
1425 648 1524 681 villice
1552 649 1644 683 rebus

807 706 938 750 Hocque
960 704 1020 737 mci
1047 706 1169 736 certum
1196 702 1310 747 pignus
1336 701 1451 734 amoris
1481 701 1574 735 habe.

955 1105 1014 1142 :5911
1043 1103 1173 1141 [aunem
1206 1102 1360 1140 tinitatifi
1385 1100 1598 1152 &pantasia

759 1278 830 1319 Qua
857 1280 888 1308 te
918 1283 1026 1319 quoeso
1050 1272 1134 1315 lyra,
1166 1271 1248 1317 quali
1272 1276 1303 1305 te
1332 1272 1469 1306 carmine
1498 1271 1616 1312 dicam,

947 1328 974 1361 O
1004 1327 1113 1371 Hypra
1137 1324 1357 1360 florentissima

758 1383 867 1417 Ardua
895 1381 1026 1415 materia
1054 1384 1118 1420 est,
1152 1380 1267 1413 nostris
1300 1391 1356 1413 nec
1383 1380 1500 1413 viribus
1528 1391 1614 1425 aequa

940 1436 1117 1478 Vatemque
1141 1445 1288 1478 magnum
1312 1434 1463 1479 postulat.

758 1488 897 1523 Urbibus
928 1487 960 1519 in
992 1485 1134 1518 Flaudris
1165 1485 1325 1529 splendes,
1357 1489 1394 1518 ut
1419 1485 1492 1518 luna
1521 1490 1666 1519 coruscat

941 1541 1029 1572 Inter
1053 1539 1174 1571 minora
1195 1538 1324 1580 sydera:

757 1598 833 1639 Quae
860 1595 970 1628 sortita
994 1593 1097 1625 locum
1126 1596 1252 1624 ternum
1284 1590 1366 1622 inter
1394 1588 1535 1622 membra
1568 1594 1718 1634 quaterna

941 1649 1047 1691 Auges
1076 1646 1229 1679 honorem
1253 1644 1373 1689 patriae.

756 1704 852 1749 Belga
883 1702 939 1736 tibi
967 1702 1088 1747 priscus
1119 1700 1261 1744 genitor,
1290 1708 1383 1743 quem
1415 1709 1490 1730 cana
1517 1702 1654 1731 vetustas

942 1758 1050 1790 Graecc
1076 1755 1215 1788 locutum
1240 1751 1407 1798 praedicat:

756 1810 883 1844 Grande
910 1820 987 1853 opus
1016 1811 1048 1840 et
1076 1811 1187 1839 natura
1218 1806 1277 1838 loci
1305 1805 1362 1838 tibi
1390 1805 1503 1838 moenia
1541 1804 1680 1838 condunt

940 1858 1126 1904 Rumpcnda
1155 1858 1246 1891 nullis
1273 1856 1427 1889 hostibus.

756 1915 807 1949 Ad
834 1918 865 1947 te
895 1913 1090 1957 confugimus
1121 1912 1242 1956 quoties
1274 1910 1358 1942 Mars
1387 1908 1499 1952 impius
1529 1908 1638 1941 orbem

941 1966 1004 1998 Suo
1031 1964 1139 1997 furore
1167 1964 1314 1997 concitat.

757 2021 866 2064 Hypra
888 2018 944 2051 tibi
966 2018 1053 2060 large
1080 2016 1258 2048 dulcissima
1285 2015 1401 2049 labitur
1429 2014 1513 2047 unda

940 2070 969 2103 V
972 2069 1057 2102 itreis
1084 2067 1188 2100 refusa
1216 2069 1336 2102 rivulis:

756 2127 832 2167 Quae
863 2129 917 2158 tua
947 2127 1036 2169 prata
1068 2123 1167 2166 rigat,
1204 2120 1408 2164 foecundaque
1436 2119 1580 2163 frugibus
1610 2130 1681 2152 arva

941 2177 1041 2210 Multa
1068 2176 1141 2209 beat
1167 2174 1366 2220 pinguedine.

756 2232 841 2273 Quas
870 2241 934 2264 non
961 2229 1064 2263 fundit
1094 2239 1168 2273 opes
1200 2229 1299 2261 amnis
1324 2227 1380 2260 tibi
1409 2227 1519 2260 ductus
1550 2228 1582 2260 in
1611 2229 1737 2271 aequor?
2169 2223 2174 2348 Ι

935 2285 1013 2326 Quae
1036 2294 1100 2317 non
1127 2294 1242 2327 genera
1270 2281 1333 2314 fert
1356 2281 1530 2314 mercium?

754 2338 836 2371 Vina
865 2337 971 2371 ferunt
1003 2336 1101 2375 Galli,
1127 2334 1190 2368 fert
1214 2334 1327 2368 vellera
1359 2339 1448 2379 grata
1479 2334 1664 2375 Britannus,

940 2391 1113 2434 Scotusque
1138 2388 1241 2421 lanam
1259 2387 1402 2421 subvehit
1414 2402 1421 2421 :
2147 2407 2203 2617 ἑὲ

620 2642 624 2643 ⁷
1935 2607 2203 2670 &aa
