2372 3082
420 310 439 321 γ,

179 505 194 642 ὃ,
396 593 510 632 lucos
541 590 737 639 succidit,
773 588 1010 628 coenobium
1041 602 1091 628 ac
1120 589 1325 643 templum
1352 589 1396 628 in
1417 589 1621 629 honorem
1643 588 1778 644 Apos-

394 656 575 695 tolorum
597 654 825 694 inchoavit.
850 654 901 692 In
922 653 1080 692 ditione
1097 654 1196 692 item
1213 653 1425 692 Gandensi
1446 661 1562 694 trans
1584 655 1776 695 Scaldem

394 720 511 759 aliud
532 718 718 758 condidit
739 717 999 767 coenobium,
1023 718 1194 770 utrique
1221 717 1776 759 GandensiBlandiniensi-

393 800 475 840 que
493 785 772 834 Florbertum,
794 783 1033 837 apostolicae
1050 783 1340 822 sanctimoniae
1360 783 1510 832 virum,
1531 786 1773 837 praeposuit,

383 850 546 907 jussum
582 850 665 890 divi
699 849 915 890 Benedicti
949 862 1111 889 servare
1141 849 1353 902 regulam,
1388 863 1573 903 persaepe
1608 850 1778 891 interim

391 916 665 970 ignominiose
693 921 917 964 tractatus,
945 915 1174 954 incessente
1204 929 1297 954 eum
1319 914 1501 968 indignis
1521 916 1654 955 modis
1685 916 1779 956 eth-

392 983 489 1022 nica
519 981 641 1035 plebe
672 994 722 1019 ao
743 980 786 1018 in
808 979 998 1019 Scaldem
1021 994 1327 1033 nonnunquam
1350 980 1664 1033 praecipitante,
1688 987 1778 1022 erat

392 1052 480 1085 tum
512 1045 690 1100 populus
723 1043 976 1093 GandensiS,
1012 1058 1138 1098 supra
1174 1057 1301 1098 quam
1338 1050 1385 1083 ut
1420 1044 1542 1083 facile
1577 1046 1777 1098 perscribi

391 1115 546 1163 posset,
585 1108 696 1147 ferus
728 1122 777 1148 ac
812 1109 1176 1162 superstitionibus
1211 1124 1344 1163 usque
1372 1123 1419 1148 eo
1449 1109 1635 1149 ridiculis
1666 1110 1777 1150 infa-

388 1180 530 1213 tuatus
557 1179 604 1213 ut
634 1187 718 1212 non
740 1173 926 1214 deessent
948 1174 1021 1228 qui
1052 1174 1232 1214 delectas
1263 1175 1430 1214 arbores
1458 1174 1536 1214 diis
1567 1175 1649 1214 suis
1675 1189 1776 1215 con-

390 1245 570 1279 secratas
591 1240 764 1279 deorum
789 1242 920 1293 Prope
940 1240 1030 1278 loco
1050 1239 1257 1278 haberent
1274 1254 1322 1279 ac
1339 1241 1538 1279 colerent.
1559 1239 1776 1280 Amandus

389 1304 629 1343 introducto
658 1316 767 1343 verae
793 1303 1005 1356 religionis
1033 1303 1142 1353 ritu,
1176 1310 1340 1356 partem
1370 1305 1597 1343 maximam
1626 1303 1775 1358 hujsss-

389 1369 501 1407 modi
539 1369 728 1407 stultitiae
759 1375 886 1421 atque
921 1368 1071 1406 erroris
1100 1368 1281 1406 sustulit.
1312 1367 1457 1407 Missus
1479 1373 1570 1407 erat
1595 1368 1649 1407 ab
1678 1383 1775 1422 rege

389 1432 627 1485 Dagoberto
653 1437 780 1484 atque
802 1432 984 1471 Achario
1011 1431 1393 1471 Noviodunensium
1420 1434 1633 1487 episcopo,
1653 1432 1774 1489 jussu

388 1497 559 1536 Martini
594 1497 801 1551 pontificis
836 1496 1049 1545 Romani,
1088 1509 1113 1535 a
1148 1509 1232 1549 quo
1267 1495 1535 1537 Landoaldus
1557 1499 1775 1553 presbyter

390 1570 517 1617 atque
542 1562 762 1603 Amantius
789 1562 989 1602 diaconus
1020 1560 1229 1617 adjutores
1254 1562 1315 1600 illi
1338 1562 1530 1601 attributi
1561 1562 1770 1603 feruntur.

388 1629 620 1682 Discipulos
654 1627 848 1667 habuisse
882 1627 1049 1667 invenio
1089 1626 1200 1665 inter
1235 1627 1336 1666 alios
1367 1627 1600 1666 sanctitatis
1639 1627 1773 1681 gloria

390 1699 636 1747 praestantes
659 1692 867 1732 Andream
889 1693 1183 1742 Elnonensem,
1204 1692 1402 1732 Jonatum
1425 1692 1768 1743 Martianensem,

387 1759 672 1808 Florbertum,
712 1771 762 1798 ac
790 1757 998 1797 Joannem
1027 1757 1366 1807 BlandinienseS,
1403 1757 1693 1807 maurontum,
1731 1765 1772 1798 et

387 1824 621 1864 Hubertum
655 1822 919 1876 Broylenses,
955 1821 1205 1861 Gertrudem
1239 1822 1577 1874 Nivigcllensem,
1616 1823 1773 1862 Allovi-

388 1905 489 1929 num
527 1890 735 1929 Bavoncm
755 1921 765 1938 ,
807 1889 1054 1928 Rictrudcm
1099 1888 1423 1928 Martianensem
1464 1902 1560 1927 cum
1606 1888 1771 1928 filiabus

387 1955 584 2003 Eusebia,
614 1955 792 1994 Alscnde
824 1961 864 1994 et
887 1954 1101 1994 Closende.
1127 1954 1275 1994 Virum
1302 1954 1426 1994 fuisse
1447 1954 1608 2007 generis
1637 1953 1771 2007 Aqui-

387 2020 531 2058 tanici.
558 2018 717 2058 Obiisse
747 2020 891 2059 salutis
923 2033 1034 2059 anno
1056 2018 1124 2058 DC
1145 2019 1260 2068 LXI,
1284 2025 1431 2060 octavo
1453 2019 1545 2058 idus
1570 2018 1769 2058 februarii

388 2084 453 2122 die
469 2084 677 2124 dominico
695 2084 922 2123 indictione
944 2089 1110 2137 quarta.
1134 2084 1351 2137 Sepultum
1373 2084 1417 2122 in
1438 2082 1627 2122 coenobio
1648 2083 1771 2121 Elno-

387 2149 523 2197 nensi,
545 2149 658 2202 quod
675 2149 761 2202 ipse
777 2154 1004 2197 extruerat,
1024 2148 1139 2187 intra
1158 2148 1396 2187 Tornacum
1413 2152 1454 2186 et
1474 2146 1762 2186 Valentianas.
1974 2129 1977 2203 l

387 2211 605 2267 Philippus
627 2214 756 2254 abbas
776 2215 820 2254 in
840 2214 926 2253 vita
948 2214 1129 2254 Amandi
1152 2214 1202 2254 de
1223 2214 1305 2254 situ
1320 2212 1409 2269 ejus
1425 2213 1627 2252 coenobii:
1658 2213 1770 2252 locus
1975 2215 1977 2305 Ι

388 2283 449 2316 est
470 2278 645 2332 (inquit)
662 2279 774 2319 intra
796 2279 1086 2333 Menapiorum
1105 2280 1261 2333 positus
1283 2278 1384 2317 fines
1405 2277 1648 2332 Propanciis
1666 2277 1767 2316 Ner·
1975 2307 1977 2325 1

388 2342 546 2395 viisque
567 2342 782 2384 finitimus.
811 2342 1052 2384 Amandum
1072 2344 1173 2384 item
1193 2349 1398 2399 regnante
1418 2342 1621 2393 Clotario,
1646 2349 1767 2397 patre
1972 2328 1977 2427 J

175 2426 191 2572 S
386 2407 629 2461 Dagoberti‚
664 2408 854 2450 Gandavi
883 2409 1101 2449 conciones
1132 2409 1183 2448 de
1213 2413 1357 2448 nostra
1386 2407 1581 2448 habuisse
1611 2408 1766 2461 pietate

157 2554 169 2598 fi

153 2600 163 2613 ἕ

245 2637 291 2655 'fle

154 2670 171 2687 ὗ
176 2676 185 2687 2
211 2671 257 2690 Ξῖ.»

155 2627 168 2651 ὅ

155 2662 161 2671 ,,
