2372 3082
356 567 564 607 radicibus
596 566 694 606 item
721 568 873 607 montis
905 569 1113 610 Casletani
1141 572 1313 611 scaturit
1332 571 1537 612 fluentum
1560 574 1742 627 primum
1938 476 1955 605 8

356 633 498 681 Poena,
524 633 674 672 deinde
695 632 748 671 ad
771 632 1007 672 Banbecam
1030 648 1079 673 ac
1101 635 1276 675 Pontem
1303 637 1484 677 Rorarcli
1511 636 1625 678 Isara
1654 640 1744 679 dic-

152 723 154 751 !
355 696 460 733 tum.
485 696 653 750 Recipit
673 695 856 749 Hypram
878 702 1104 737 torrentem
1126 700 1261 738 verius
1284 715 1410 754 quam
1432 704 1607 745 fluvium
1623 734 1633 752 ,
1670 702 1745 742 Al-

356 757 435 797 luit
459 759 706 800 Dixmudam
729 767 979 815 receptoque
1000 762 1105 802 inibi
1124 764 1230 803 Zara
1248 765 1405 807 fluento
1421 770 1475 809 ad
1493 771 1743 824 Neoportum

356 822 487 863 fertur
503 825 544 864 in
563 825 798 873 Oceanum,
819 832 962 880 estque
978 826 1072 866 haec
1094 830 1227 868 omnis
1249 845 1321 870 ora
1342 832 1534 889 Zephyro
1557 834 1747 886 Coroque

356 902 426 927 seu
462 888 597 928 Circio
633 895 681 928 ut
716 891 889 944 quidam
924 898 1079 946 putant
1108 896 1239 934 ventis
1270 903 1398 951 atque
1430 900 1619 954 aquiloni
1647 899 1747 938 item

355 951 413 990 sic
448 953 633 1006 exposita
666 960 714 993 ut
749 955 802 993 ab
846 955 1014 994 illorum
1061 959 1269 998 continuis
1305 961 1392 1001 fere
1426 964 1595 1004 flatibus
1629 965 1747 1004 littus

355 1017 576 1068 sinumque
613 1017 883 1057 Flandricum
921 1034 1072 1059 nomen
1113 1022 1281 1062 trahere
1313 1026 1536 1082 plaerisque
1566 1029 1744 1083 placeat.

354 1079 537 1118 Extremi
575 1080 687 1118 enim
718 1095 858 1121 sumus
892 1082 1116 1137 Belgarum
1151 1088 1336 1128 omnium
1372 1097 1413 1131 et
1447 1107 1532 1146 qua
1562 1095 1742 1149 Septem-

353 1144 507 1183 triones
528 1150 761 1198 spectamus
782 1147 1029 1187 immensum
1052 1155 1167 1203 patet
1188 1152 1358 1207 pelagus
1374 1187 1385 1205 ,
1417 1158 1608 1213 nullique
1639 1160 1750 1199 ultra

355 1209 506 1261 degere
531 1209 761 1249 creduntur
781 1212 989 1251 mortales,
1015 1212 1068 1252 Et
1089 1214 1225 1254 sufflat
1246 1216 1375 1259 Corus
1397 1227 1517 1261 tanta
1536 1225 1749 1264 interdum

355 1273 553 1313 violentia
588 1279 638 1312 ut
668 1279 822 1324 turres,
862 1276 1048 1327 arbores,
1086 1280 1266 1333 templa,
1307 1285 1487 1325 aedificia
1522 1290 1744 1342 percellat,

356 1339 604 1387 labefactet,
650 1345 691 1378 et
733 1341 902 1390 obruat,
953 1343 1209 1384 concitatum
1254 1349 1512 1390 terribilibus
1552 1352 1748 1393 fluctibus

357 1411 505 1444 aestum
536 1404 694 1443 Oceani
726 1404 771 1443 in
803 1406 966 1445 aridum
998 1407 1246 1461 profundat,
1282 1412 1503 1466 chomatis,
1528 1416 1745 1468 incilibus,

356 1470 596 1519 emissariis,
648 1471 857 1525 septisque
901 1473 1027 1512 maris
1074 1478 1295 1531 perruptis.
1340 1479 1428 1520 Hoc
1462 1494 1573 1520 anno
1607 1481 1745 1533 XXX,

356 1536 454 1575 dum
485 1534 578 1574 haec
609 1535 853 1587 proderem,
887 1537 1014 1577 Nonis
1043 1539 1285 1581 Novembris
1315 1558 1362 1583 eo
1390 1545 1750 1587 vehementissime

357 1605 498 1639 coorto
550 1604 673 1637 vento
719 1613 768 1639 ac
812 1601 1122 1643 intumescente
1173 1605 1429 1649 horrendum
1481 1610 1526 1649 in
1579 1612 1750 1651 modum

361 1664 487 1703 maris
508 1669 612 1702 aestu
633 1663 828 1704 Calitium
839 1697 850 1715 ,
887 1665 1159 1721 Gravelinga,
1195 1669 1382 1712 Mardica
1402 1680 1548 1727 portus
1568 1676 1746 1727 dirutus,

357 1728 609 1778 Dunkerck,
644 1728 895 1782 Neoportus,
931 1730 1135 1783 Ostenda,
1166 1734 1309 1787 Clusa,
1345 1738 1526 1790 Casolia,
1562 1741 1750 1792 Quatuor

358 1792 511 1843 officia,
553 1793 791 1845 Birfletum,
834 1794 1125 1851 Andoverpia,
1160 1805 1333 1854 totaque
1363 1817 1484 1856 poene
1522 1804 1746 1856 zelandia,

358 1857 449 1897 haec
478 1859 618 1897 onmia
640 1873 793 1912 magno
824 1860 938 1899 fuere
969 1861 1012 1900 in
1044 1863 1244 1915 periculo.
1276 1865 1340 1905 Ad
1371 1867 1623 1922 Neoportum
1654 1886 1749 1925 pars

359 1924 500 1977 oppidi
522 1925 660 1977 portui
684 1925 900 1964 continens
932 1925 1157 1977 inundata,
1182 1928 1344 1969 haustae
1376 1940 1532 1985 puncto
1553 1937 1749 1989 temporis

356 1991 571 2030 nonnullae
603 1991 646 2029 in
677 1996 798 2044 portu
832 2005 975 2038 naves,
1010 1992 1207 2046 perfracti
1233 1995 1393 2037 duobus
1425 1998 1523 2038 locis
1561 2013 1744 2053 aggeres.

358 2054 498 2106 Longe
524 2055 567 2093 in
596 2069 743 2108 agrum
766 2055 1046 2096 Franconium
1067 2057 1226 2097 infusus
1248 2058 1437 2101 Oceanus
1464 2069 1585 2116 porta
1606 2065 1748 2118 oppidi

358 2131 453 2170 quae
489 2119 821 2172 septentrionalis
857 2121 1011 2160 dicitur
1040 2123 1251 2172 convulsa,
1286 2139 1388 2178 pons
1426 2127 1561 2166 minor
1592 2127 1747 2168 fractus

359 2188 400 2221 et
435 2182 633 2239 dejectus.
674 2184 869 2224 Ostendae
901 2199 997 2239 pars
1028 2200 1124 2240 quae
1158 2193 1271 2227 vetus
1293 2188 1478 2231 Ostenda
1508 2192 1748 2231 nominatur

360 2247 586 2287 submersa.
641 2249 860 2289 Submersa
903 2251 1001 2289 item
1046 2265 1199 2305 magna
1244 2267 1339 2307 pars
1391 2256 1583 2308 Casoliae,
1635 2258 1749 2298 dictu

363 2313 608 2352 incredibile
660 2321 818 2368 quanta
867 2316 1022 2370 ubique
1067 2324 1240 2371 accepta
1287 2320 1455 2362 damna.

412 2376 651 2430 Longitudo
672 2379 883 2419 Flandriae
900 2380 1140 2421 Teutonicae
1157 2395 1180 2420 a
1198 2382 1343 2424 Scalde
1361 2387 1413 2426 ad
1432 2402 1582 2430 novam
1598 2388 1746 2428 fossam
