2372 3082
368 369 372 379 ⁸
367 315 381 329 fl

604 552 799 592 comitem
837 551 892 590 ab
931 562 1029 602 rege
1060 547 1210 588 Carolo
1246 548 1373 589 Calvo
1408 554 1625 603 receptum
1659 549 1758 590 olim
1794 550 1840 589 in
1879 550 2005 591 fidem
2069 582 2073 583 γ
2210 508 2223 577 l

603 618 825 658 Flandrias
855 617 991 657 libera
1026 615 1247 669 solutaque
1281 613 1579 671 jurisdictione
1616 615 1670 655 ab
1705 616 1850 656 eodem
1885 630 2005 656 acce-

602 683 725 738 pisse.
764 683 906 739 Ipsum
946 681 1120 738 ejusque
1156 695 1409 721 successores
1448 694 1525 735 per
1561 681 1695 720 multa
1725 679 1818 736 jam
1853 682 2006 721 saecula

602 749 685 788 suis
706 749 751 788 in
773 748 978 798 Cameris,
1003 747 1129 801 legali
1151 751 1193 785 et
1212 746 1434 796 rationali,
1459 745 1623 800 integro
1645 751 1758 785 statu
1772 743 1844 800 jus
1865 746 2005 785 reddi-

602 815 729 865 disse,
755 820 884 867 atque
919 827 993 867 per
1023 818 1160 851 aresta
1190 817 1232 851 et
1267 812 1427 865 absque
1457 812 1547 851 ulla
1566 812 1863 867 provocatione
1886 810 2005 867 judi-

603 894 730 920 casse.
756 880 882 920 Nulla
903 878 1166 928 conditione,
1186 877 1304 917 nullo
1325 877 1481 918 foedere
1502 878 1696 919 Franciae
1716 877 2005 934 jurisdictioni

605 961 647 987 se
677 947 929 987 submisisse.
964 945 1127 986 Nullius
1153 957 1343 999 unquam
1371 943 1535 983 cessisse
1559 943 1863 998 provocationi.
1891 942 2008 983 Dua-

602 1013 681 1054 bus
701 1013 977 1053 nihilominus
997 1017 1139 1050 tamen
1162 1011 1213 1050 de
1237 1010 1372 1049 causis
1396 1024 1514 1063 posse
1535 1010 1727 1050 comitem
1751 1009 1865 1063 apud
1885 1023 2006 1064 pares

603 1077 725 1131 regni
754 1076 918 1132 judicio
949 1075 1051 1114 sisti.
1091 1074 1188 1115 Una
1224 1089 1319 1115 cum
1356 1076 1450 1130 quis
1486 1076 1601 1131 apud
1634 1076 1755 1115 illum
1779 1074 1850 1131 jus
1885 1090 2006 1115 suum

606 1142 796 1181 obtinere
826 1155 912 1180 non
937 1145 1092 1195 posset,
1119 1140 1254 1179 altera
1278 1140 1441 1194 quoties
1465 1146 1701 1181 moveretur
1722 1140 2007 1180 controversia

607 1206 658 1246 de
680 1206 912 1246 Comitatus
933 1204 1149 1244 Flandrici
1170 1205 1444 1258 proprietate.
1470 1205 1583 1256 Quin
1605 1206 1714 1260 ipsos
1735 1206 2006 1259 magistratus

606 1271 852 1311 Flanclricos
886 1271 932 1311 in
967 1270 1115 1309 eadem
1151 1270 1251 1309 olim
1288 1269 1414 1309 fuisse
1449 1270 1660 1309 libertate.
1699 1269 1866 1310 Nemini
1895 1270 2007 1309 enim

607 1337 806 1390 cuiquam
834 1336 998 1375 licuisse
1028 1335 1082 1374 ab
1110 1335 1192 1375 illis
1221 1335 1275 1374 ad
1304 1335 1543 1389 Principem
1578 1348 1824 1389 provocare,
1860 1349 2008 1389 excep-

606 1406 783 1454 tumque
804 1401 950 1440 iisdem
971 1413 1056 1439 esse
1076 1405 1125 1438 ut
1146 1399 1336 1453 quisquis
1357 1414 1442 1439 non
1464 1400 1642 1439 stetisset
1663 1413 1808 1439 eorum
1831 1399 2007 1439 decretis

606 1480 815 1519 magnam.
829 1466 874 1504 in
896 1465 1088 1504 fraudem
1108 1466 1332 1514 incideret,
1351 1464 1475 1520 juxta
1497 1466 1633 1519 legem
1656 1466 1872 1519 quandam
1894 1471 2008 1504 vete-

606 1546 695 1571 rem
713 1531 831 1586 cujus
852 1530 947 1569 haec
967 1537 1066 1569 sunt
1086 1531 1228 1570 verba.
1269 1548 1285 1565 «
1306 1531 1388 1580 Qui
1405 1543 1453 1568 ea
1474 1545 1570 1582 quae
1588 1545 1612 1569 a
1628 1531 1818 1569 Scabinis
1834 1531 1876 1568 in
1888 1529 2007 1584 judi-

608 1597 672 1636 cio
707 1596 773 1637 vel
809 1595 1049 1634 testimonio
1086 1594 1296 1634 affirmata
1333 1593 1491 1633 fuerint
1527 1594 1759 1648 despexerit
1793 1594 2008 1648 sexaginta

607 1663 736 1702 libras
772 1662 976 1711 amittito,
1011 1666 1052 1699 et
1080 1661 1310 1713 unicuique
1346 1659 1623 1698 Scabinorum
1655 1659 1729 1713 qui
1762 1659 1816 1699 ab
1848 1673 1897 1698 eo
1935 1660 2008 1699 de-

607 1734 771 1783 spectus
789 1727 868 1766 erit
884 1726 1027 1766 decem
1043 1727 1172 1766 libras
1190 1727 1353 1767 solvito.
1374 1743 1391 1764 »
1418 1725 1541 1776 Odia,
1563 1726 1800 1776 avaritiam,
1821 1726 2007 1780 aliasque

608 1795 747 1835 sordes
793 1794 1117 1845 magistratuum
1162 1792 1308 1831 Comes
1354 1791 1574 1830 coercebat
1614 1791 1868 1830 authoritate
1907 1790 2008 1843 legis

609 1873 738 1913 quam
778 1857 987 1899 vocabant
1026 1856 1369 1902 Atrebatensem,
1422 1856 1586 1909 eoquod
1627 1863 1725 1896 ante
1769 1863 2007 1911 separatum

609 1923 819 1963 Artesium
866 1936 892 1961 a
935 1922 1138 1961 Flandria
1185 1921 1434 1961 Atrebatum
1473 1927 1600 1975 caput
1635 1927 1739 1961 esset
1775 1921 2002 1960 Flandriae.

548 1980 552 1982 ’
608 1989 669 2029 De
704 2003 754 2028 ea
785 1994 926 2028 autem
957 1988 1049 2041 lege
1080 1987 1372 2041 antiquissima
1409 2000 1508 2025 sane
1542 2001 1591 2026 ac
1623 1988 1746 2041 longe
1783 1992 1881 2026 ante
1915 2000 2007 2026 eam

610 2055 917 2109 separationem
951 2054 1039 2093 lata
1068 2054 1162 2093 haec
1194 2053 1371 2106 reperim.
1412 2052 1454 2091 Si
1483 2052 1653 2092 Scabini
1684 2067 1709 2093 a
1740 2053 1891 2094 comite
1926 2053 2009 2093 sive
2212 2056 2214 2086 i

609 2118 800 2157 ministro
827 2118 990 2157 comitis
1022 2117 1105 2156 sint
1135 2115 1305 2165 moniti,
1342 2116 1456 2169 quod
1483 2131 1605 2170 super
1626 2118 1770 2171 aliqua
1791 2131 1836 2155 re
1857 2116 2007 2156 falsum

604 2183 817 2240 judicium
834 2183 1029 2231 fecerint,
1054 2182 1231 2223 veritate
1253 2181 1528 2221 Scabinorum
1546 2181 1905 2231 Atrebatensium,
1928 2182 2010 2222 sive

612 2251 791 2290 aliorum
824 2249 898 2303 qui
929 2248 1107 2288 eandem
1137 2248 1271 2301 legem
1301 2251 1467 2296 tenent,
1500 2260 1635 2286 comes
1664 2261 1730 2286 eos
1764 2246 2009 2286 convincere

612 2315 786 2368 poterit,
813 2320 854 2353 et
875 2314 907 2353 si
934 2313 1113 2353 convicti
1145 2312 1322 2361 fuerint,
1356 2312 1435 2365 ipsi
1462 2317 1505 2350 et·
1527 2312 1670 2351 onmia
1693 2325 1768 2350 sua
1796 2311 1840 2350 in
1869 2316 2008 2365 potes-

614 2386 701 2420 tate
741 2379 911 2421 Comitis
954 2384 1092 2418 erunt.
1137 2378 1366 2431 Postquam
1406 2390 1500 2416 vero
1542 2377 1761 2419 Atrebates
1808 2375 2006 2415 abstracti
