2372 3082
376 325 504 418 ’ἐρεῖ
1289 328 2258 414 μωμῆξ

378 408 431 499 Γ·
2205 426 2247 530 s<

612 566 873 607 Francorum
899 568 1008 621 'regis
1024 564 1203 608 Roberti
1226 566 1355 606 filiam
1369 598 1380 617 ,
1405 579 1490 620 quo
1514 579 1564 604 ex
1585 566 1796 605 connubio
1815 566 1897 605 orti
1918 572 2016 606 sunt
2058 568 2060 570 ’

609 630 843 671 Balduinus
853 631 1149 687 Robertusque
1166 633 1415 686 cognomine
1424 632 1597 682 Frisius,
1611 644 1661 670 ac
1670 631 1883 671 Mathildis
1895 647 1903 671 τ
1918 646 2015 686 quae

608 702 744 750 nupta
763 696 973 737 Guilelmo
995 699 1302 738 Normanorum
1329 697 1448 748 duci,
1476 696 1609 736 eidem
1633 695 1724 749 regi
1753 693 1987 749 Anglorum
1999 729 2011 748 ‚

606 762 894 816 pulcherrima
928 764 1156 804 liberorum
1192 763 1444 818 propagine,
1485 760 1574 816 ejus
1609 760 1787 815 replevit
1823 760 2014 813 domum,

607 826 880 878 Guilelmum,
901 827 1148 878 Henricum,
1174 827 1424 877 Robertum,
1447 825 1727 875 Richardum,
1750 824 2014 877 Mathildem‚

605 890 867 946 Luciamque
906 897 948 932 et
984 892 1185 933 Ceciliam
1224 891 1362 931 enixa.
1406 891 1639 933 Balduinus
1683 890 1912 931 Montensis
1951 891 2017 932 Pii

605 954 717 995 filius
727 987 738 1006 ,
774 955 948 1012 ejusque
981 971 1085 996 uxor
1109 955 1338 1006 mahildis,
1367 956 1454 997 filia
1485 956 1702 1011 Raginerii
1735 955 2016 997 Montensium

609 1022 792 1072 comitis,
820 1028 1046 1077 postquam
1073 1023 1226 1062 liberos
1257 1021 1388 1063 virilis
1414 1035 1533 1060 sexus
1562 1021 1834 1074 Arnulphum
1854 1027 1895 1061 et
1916 1022 2016 1062 Bal-

608 1088 784 1128 duinum
801 1102 889 1128 una
909 1094 1276 1142 progenerassent,
1293 1086 1399 1142 jussi
1430 1093 1528 1126 sunt
1554 1087 1608 1126 ab
1638 1086 1779 1126 Leone
1810 1087 2013 1128 Pontifice

606 1150 801 1192 Romano
829 1152 1040 1192 abstinere
1068 1153 1328 1192 matrimonii
1357 1167 1436 1192 usu
1465 1157 1637 1206 propter
1667 1153 1884 1205 sanguinis
1913 1167 2012 1207 cog-

603 1217 838 1267 nationem,
881 1231 967 1270 qua
1007 1231 1049 1256 se
1088 1223 1235 1256 mutuo
1275 1217 1601 1269 contingebant,
1651 1216 1785 1257 Adela
1825 1231 2010 1271 namque

602 1279 802 1320 Balduini
844 1286 1001 1331 mater,
1045 1295 1094 1320 ac
1137 1280 1389 1334 Raginerius
1427 1286 1548 1335 pater
1591 1281 1801 1321 Riehildis
1843 1282 2009 1322 amitini

603 1352 739 1385 erant.
770 1346 848 1386 Hic
875 1346 1009 1386 Avida
1032 1347 1120 1386 filia
1140 1346 1298 1399 Ugonis
1320 1346 1489 1399 Capeti,
1514 1346 1589 1385 illa
1608 1345 1797 1386 Roberto
1820 1345 2008 1402 ejusdem

603 1411 751 1466 Ca'peti
789 1413 897 1466 regis
933 1412 1020 1452 filio
1061 1419 1283 1467 prognata.
1328 1410 1390 1450 Ex
1425 1410 1637 1463 superiore
1673 1409 1871 1465 conjugio
1913 1426 2009 1451 cum

602 1477 835 1527 Hermano‚
874 1478 961 1517 filio
997 1478 1114 1517 ducis
1148 1477 1414 1530 Thuringiae,
1445 1482 1661 1516 contracto
1694 1476 1827 1516 filium
1859 1477 2010 1516 habuit

602 1542 811 1583 Richildis
848 1545 1079 1598 Rogerium
1109 1546 1299 1593 nomine,
1340 1541 1414 1594 qui
1450 1546 1622 1594 propter
1653 1541 1817 1594 insigne
1852 1541 2005 1581 vicium

603 1608 776 1647 alterius
796 1608 912 1662 pedis
934 1608 1084 1648 divinis
1116 1609 1277 1648 dicatus
1301 1607 1446 1657 rebus,
1472 1607 1749 1660 inauguratus
1779 1613 1840 1646 est
1862 1607 2007 1647 Ponti-

602 1671 672 1711 fex
713 1672 1074 1712 Laudunensium.
1127 1672 1260 1712 Simul
1299 1686 1415 1711 soror
1454 1671 1543 1728 ejus
1583 1672 1696 1711 facta
1735 1673 1919 1723 vestalis,
1960 1680 2006 1713 ut

601 1735 724 1775 liberi
753 1750 803 1775 ex
832 1736 1016 1776 Flandro
1044 1737 1211 1775 oriundi
1240 1742 1329 1777 tam
1359 1739 1403 1778 in
1429 1739 1625 1779 Hanonia
1655 1753 1783 1793 quam
1806 1739 2007 1790 Flandria

601 1815 744 1841 rerum
775 1808 965 1856 potentes
997 1803 1161 1842 fierent.
1197 1803 1277 1842 Sed
1308 1810 1400 1843 orta
1435 1810 1528 1858 post
1563 1811 1741 1844 mortem
1778 1805 2006 1845 Montensis

601 1867 714 1907 inter
749 1868 983 1908 Robertum
1024 1867 1114 1923 ejus
1153 1867 1328 1907 fratrem
1371 1881 1420 1906 ac
1463 1868 1704 1908 Richildem
1743 1869 1912 1908 viduam
1952 1871 2005 1910 ob

601 1930 785 1970 filiorum
820 1932 1019 1981 tutelam,
1069 1933 1188 1985 gravi
1233 1930 1441 1970 discordia
1485 1944 1534 1969 ac
1577 1930 1704 1970 bello·¹
1759 1931 2005 1986 Arnulphus

601 2000 758 2034 temere
789 2009 886 2033 cum
917 2001 1069 2048 patruo
1103 2009 1345 2048 congressus
1378 1995 1547 2044 cecidit,
1582 1995 1814 2036 Balduinus
1849 2003 2004 2037 mater-

601 2072 701 2098 nam
725 2059 902 2098 retinuit
922 2059 1147 2107 ditionem,
1174 2059 1384 2098 Robertus
1404 2059 1556 2099 horum
1580 2066 1755 2114 patruus
1782 2062 1813 2100 F
1818 2062 2002 2102 landrias

599 2123 841 2177 occupavit,
875 2128 1134 2177 acceptaque
1161 2137 1288 2162 uxore
1314 2137 1363 2162 ex
1386 2123 1618 2163 Saxonibus
1649 2124 1855 2165 Bernardi
1885 2126 2002 2165 ducis

599 2188 684 2228 filia
697 2220 708 2238 ,
732 2188 884 2227 liberos
904 2189 1004 2227 tulit
1025 2189 1259 2229 Robertum
1280 2187 1358 2227 sihi
1374 2187 1420 2226 in
1436 2187 1681 2227 Flandriam
1703 2202 1996 2240 successorem,

599 2252 846 2306 Philippum
886 2252 1164 2293 Procomitem
1196 2253 1494 2308 Hyprensium,
1536 2267 1585 2293 ac
1630 2254 1846 2294 deterioris
1882 2270 1999 2296 sexus

601 2317 798 2368 Adelam,
841 2316 1112 2370 Gertrudem,
1157 2320 1348 2360 Mariam.
1398 2318 1459 2357 Ex
1499 2320 1651 2373 quibus
1691 2319 1826 2361 Adela
1855 2321 1997 2361 Dano-

600 2396 695 2425 t'um
724 2396 866 2436 regem
896 2382 1116 2427 Kanutum
1146 2385 1293 2425 sortita
1321 2385 1478 2436 virum,
1512 2386 1685 2426 Danicae
1711 2388 1845 2440 gentis
1873 2387 1996 2426 nobi-
