2372 3082
117 339 180 389 ‚ff

182 342 1086 396 Q—*ffl—(ffi)

122 439 167 534 „z

160 420 178 460 ss

355 638 535 678 civitatis
567 638 831 688 ourionihus,
868 651 1048 691 quorum
1083 637 1263 677 maxime
1291 637 1463 676 interest
1474 666 1486 685 ,
1520 650 1749 690 paucorum

354 703 540 742 conciliis
580 707 622 742 et
668 703 877 742 arbitratu
915 715 1005 740 rem
1038 701 1126 754 geri
1138 731 1151 750 ,
1191 701 1248 739 ali
1284 713 1511 753 egenorum
1545 700 1666 739 bonis
1700 714 1749 740 ac

353 768 704 808 xenodochiorum
725 766 1045 808 obventionibus
1070 779 1256 816 scurras,
1288 758 1510 814 aleatores,
1541 764 1744 815 ebriosos,

353 834 610 884 decoctores,
642 839 797 883 asotos,
832 833 907 887 qui
937 832 1122 886 popinis,
1157 831 1231 885 qui
1260 830 1421 880 lustris,
1456 830 1530 883 qui
1560 829 1673 879 alea,
1703 843 1748 869 re

353 900 606 954 dilapidata,
625 899 681 940 ad
699 898 887 953 inopiam
901 898 1155 938 reciderunt.
1180 896 1247 936 Ad
1266 896 1360 935 haec
1379 895 1511 935 videri
1531 895 1748 948 opulentos

353 965 556 1020 quosdam
585 965 774 1005 homines
803 962 938 1017 specie
964 961 1148 1015 quadam
1176 960 1343 1014 pietatis
1373 973 1525 1013 cupere
1554 973 1672 998 suam
1700 959 1746 998 in

355 1043 443 1069 rem
466 1042 702 1082 pauperum
729 1032 887 1067 vertere
909 1039 1093 1064 censum.
1121 1025 1223 1064 Haec-
1245 1025 1457 1078 spargitur
1477 1024 1608 1072 sama,
1629 1038 1749 1065 vera-

352 1108 405 1133 ne
425 1108 480 1133 an
501 1092 608 1131 falsa
636 1105 722 1131 non
746 1090 883 1129 habco
905 1103 980 1128 cur
1000 1089 1228 1136 affirmem,
1251 1088 1486 1143 praesertim
1509 1101 1641 1140 quum
1662 1101 1748 1127 non

352 1159 488 1198 desint
507 1158 581 1212 qui
600 1157 763 1211 magnis
784 1155 954 1196 vocibus
975 1155 1159 1194 clament
1179 1160 1326 1193 contra
1340 1184 1350 1202 ,
1385 1153 1554 1192 Fratres
1584 1153 1748 1192 mendi-

351 1228 492 1263 cantes
512 1223 645 1262 solum
674 1221 905 1276 permoveri
926 1220 980 1259 ob
1000 1220 1269 1258 morientium
1296 1224 1548 1258 testamenta
1567 1233 1617 1258 ac
1637 1219 1749 1259 dona

351 1287 547 1340 quaedam
575 1286 682 1335 alia,
712 1284 868 1339 partim
898 1297 1013 1323 nunc
1049 1282 1127 1321 sibi
1162 1281 1443 1321 decrescentia
1480 1287 1522 1320 et.
1557 1282 1748 1321 cedentia

350 1351 395 1390 in
431 1351 628 1391 aerarium
662 1349 948 1389 communium
984 1360 1234 1401 pauperum.
1280 1345 1520 1399 Utcumque
1555 1347 1608 1386 sit
1648 1348 1746 1387 satis

351 1419 514 1454 constat
539 1412 799 1453 xenodochia
828 1411 1222 1466 valetudinariaque
1251 1413 1306 1452 ab
1334 1411 1565 1467 majoribus
1594 1414 1747 1454 nostris

350 1479 429 1532 piis
459 1478 557 1519 viris
586 1492 673 1517 non
703 1476 826 1516 modo
864 1490 941 1529 pro
976 1477 1194 1529 egentibus
1223 1477 1405 1526 civibus,
1439 1477 1510 1517 sed
1539 1478 1667 1517 etiam
1700 1479 1745 1517 in

351 1541 619 1582 sublevamen
635 1540 824 1580 omnium
843 1539 955 1579 unde
972 1540 1032 1580 vis
1055 1543 1244 1595 gentium
1265 1556 1595 1583 aerumnosorum
1616 1543 1746 1583 homi-

351 1621 455 1647 num
469 1620 556 1646 esse
571 1605 815 1645 constituta.
836 1604 897 1644 Ea
913 1604 964 1644 de
983 1620 1028 1645 re
1049 1608 1189 1648 nobile
1206 1623 1255 1649 ae
1272 1608 1614 1663 conspiciendum
1631 1613 1745 1647 extat

352 1673 657 1712 monimentum
676 1671 857 1711 Lutetiae
878 1672 1011 1711 sancti
1032 1674 1140 1727 regis
1165 1675 1249 1714 divi
1269 1674 1469 1715 Ludoviei
1494 1674 1566 1713 ubi
1587 1673 1744 1713 libera-

352 1737 506 1777 lissime
540 1741 778 1777 tractantur
820 1735 1114 1777 valetudinarii
1155 1754 1240 1779 non
1280 1739 1404 1779 modo
1444 1738 1614 1787 Parisii,
1657 1751 1743 1777 non

352 1803 475 1842 modo
506 1801 617 1842 Galli
637 1833 648 1852 ‚
682 1815 827 1842 verum
858 1801 986 1840 etiam
1015 1801 1218 1857 cujusque
1256 1803 1438 1842 nationis
1474 1802 1741 1842 Christianae.

351 1866 482 1906 Porro
502 1866 835 1921 pulcherrimum
851 1879 951 1904 sane
971 1871 1032 1905 est
1052 1867 1212 1907 vicinos
1242 1873 1403 1907 nostros
1433 1868 1507 1921 qui
1537 1867 1603 1906 vel
1632 1865 1742 1905 bello

349 1931 536 1985 proximo
556 1931 623 1971 vel
643 1943 799 1984 aquoso
819 1928 901 1968 hoc
917 1942 1029 1968 anno
1045 1932 1138 1970 coeli
1155 1932 1400 1985 intemperie
1421 1936 1462 1970 et
1482 1931 1743 1970 alluvionum

349 1996 621 2037 incommodis
655 2009 730 2036 sua
760 1995 902 2034 omnia
932 1994 1206 2048 perdiderunt
1240 1995 1427 2035 invenire
1462 1996 1506 2034 in
1542 1993 1743 2033 Flandria

350 2062 581 2101 subsidium
603 2061 776 2115 aliquod
800 2074 886 2100 suae
906 2060 1104 2110 miseriae3
1129 2075 1338 2114 superesse
1362 2061 1433 2099 hie
1460 2061 1526 2100 vel
1546 2060 1742 2111 aliquan·-

348 2132 434 2165 tam
451 2126 649 2167 fraternae
672 2126 890 2166 charitatis
916 2126 1140 2165 scintillam
1152 2141 1163 2175 3
1181 2140 1266 2165 non
1287 2125 1427 2165 claudi
1448 2123 1743 2165 misericordiae
1942 2127 1950 2153 s

348 2192 504 2232 viscera
539 2191 746 2232 desolatis.
781 2190 970 2231 Profecto
1001 2191 1172 2230 minime
1202 2190 1409 2229 insulsum
1448 2188 1577 2228 videri
1608 2192 1743 2241 potest
1942 2193 1944 2202 ’

349 2257 599 2296 nostratium
623 2256 889 2312 quorundam
909 2256 1080 2309 vulgare
1101 2256 1294 2305 verbum,
1319 2254 1540 2308 Tantisper
1560 2266 1635 2292 nos
1655 2265 1740 2291 esse

349 2321 504 2361 foeliees
546 2322 647 2362 dum
684 2322 783 2362 dare
822 2336 1060 2376 possumus,
1094 2321 1269 2375 proinde
1299 2320 1400 2360 dum
1430 2320 1528 2360 licet
1558 2318 1740 2370 benigne

349 2400 512 2440 semper
549 2386 787 2426 faciendum
828 2386 1095 2441 pauperibus.
1134 2386 1306 2426 Carolus
1341 2384 1486 2425 Comes
1526 2381 1737 2423 Flandriae

148 596 158 948 1
355 573 585 614 novitatem
627 573 825 613 authores
866 586 967 613 esse.
1009 572 1198 613 Exclusis
1244 585 1294 612 ac
1337 571 1585 624 contemptis
1623 571 1749 611 sacris

1932 2500 1969 2649 aa<

135 2618 390 2674 l

1712 2613 1924 2668 i

1923 2604 1974 2675 ἓξὲξ
