2372 3082
382 334 661 389 ἔὲἓ.
742 338 1366 383 ώψ-ῌ-(Χκνηι)
1850 355 1856 356 ff
1877 355 1939 356 ψη
1969 322 2229 377 &Q

2179 377 2189 389 ὃ

2179 408 2227 499 ss

616 569 894 625 protulissem,
928 573 975 606 ut
1003 565 1241 622 hujusmodi
1267 579 1341 604 eeu
1368 564 1478 603 facto
1505 564 1714 618 preludio,
1749 579 1799 604 ae
1818 563 1994 619 praebito

616 656 758 705 gustu,
780 648 887 688 viros
908 647 1076 701 ingenio
1097 647 1286 701 apprime
1306 645 1487 686 valentes
1509 645 1563 685 ad
1583 645 1757 686 eandem
1777 659 1996 699 capessen-

412 729 414 767 l
591 733 714 774 ‘dam
749 730 1006 786 provinciam
1035 729 1321 769 extimularem
1333 759 1344 777 ,
1379 726 1609 781 praesertim
1644 740 1774 780 quum
1812 740 1874 765 res
1908 732 1996 765 tam

616 816 728 856 utilis
761 821 931 868 tamque
961 813 1189 853 necessaria
1215 812 1267 851 sit
1295 810 1479 866 hystoria
1487 841 1498 859 7
1521 815 1568 849 ut
1598 809 1685 848 sine
1713 823 1762 848 ea
1782 823 1860 849 nee
1885 809 1995 848 unde

615 910 773 947 sumuS,
806 909 883 935 nee
918 894 1031 948 quod
1059 907 1199 933 sumus
1234 905 1477 947 cognoscere
1507 892 1651 942 liceat,
1686 892 1772 932 sine
1810 905 1914 946 qua,
1949 897 1996 931 ut

616 978 744 1018 Marci
769 977 880 1017 Tulli
900 981 996 1015 utar
1016 975 1169 1024 verbis,
1197 988 1357 1028 semper
1387 974 1504 1028 pueri
1526 987 1686 1022 sumus,
1715 973 1788 1027 qui
1820 987 1868 1012 ea
1899 987 1995 1027 quae

616 1065 713 1099 ante
733 1073 806 1098 nos
833 1056 946 1097 fuere
976 1056 1154 1110 turpiter
1184 1056 1438 1109 ignoramus.
1468 1054 1521 1094 Et
1542 1055 1586 1094 in
1612 1053 1692 1093 hae
1719 1054 1888 1108 quidem
1908 1059 1995 1093 tam

616 1142 820 1196 praeclara
850 1139 1079 1179 studiorum
1101 1143 1240 1193 parte,
1269 1136 1432 1177 tametsi
1454 1135 1645 1175 nonnulli
1670 1140 1855 1174 veterum
1874 1132 1996 1189 juxta

617 1237 666 1263 ae
681 1221 957 1262 recentiorum
979 1225 1066 1259 tam
1087 1218 1353 1272 impudenter
1374 1232 1415 1257 se
1436 1218 1655 1272 gesserint,
1686 1222 1734 1255 ut
1753 1216 1996 1270 prodigiosis

616 1303 864 1359 quibusdam
885 1300 1148 1355 nugamentis
1165 1312 1313 1354 puram
1336 1303 1377 1337 et
1396 1297 1681 1351 incorruptam
1698 1310 1836 1335 rerum
1857 1301 1994 1350 gesta-

616 1401 707 1426 rum
737 1385 978 1425 memoriam
1007 1384 1152 1423 misere
1180 1380 1400 1421 infecerint
1429 1379 1775 1432 confuderintque
1801 1379 1924 1429 adeo,
1949 1384 1995 1418 ut

412 1469 415 1504 ἕ
616 1469 727 1524 apud
747 1469 880 1522 ipsum
901 1472 1063 1521 patrem
1084 1464 1280 1520 hystoriae
1301 1461 1574 1510 Herodotum,
1593 1465 1719 1514 atque
1736 1459 1848 1514 apud
1865 1459 1994 1498 Theo-

616 1564 833 1605 pompum,
867 1547 980 1602 quod
1006 1547 1149 1588 Cicero
1175 1551 1352 1586 testatur
1381 1545 1424 1583 in
1457 1543 1636 1597 legibus,
1671 1541 1993 1582 innumerabiles

617 1633 699 1672 sint
725 1630 898 1679 fabulae,
931 1644 1004 1669 nos
1029 1635 1169 1669 tamen
1200 1628 1307 1667 nihil
1334 1627 1445 1681 quod
1472 1627 1676 1666 incertum
1703 1624 1995 1677 ambiguumve

617 1719 829 1768 putamus,
860 1727 934 1768 pro
966 1716 1176 1766 comperto
1208 1710 1414 1750 affirmare
1444 1710 1487 1749 in
1520 1710 1706 1749 animum
1734 1707 1990 1756 induximus,

617 1809 757 1835 verum
795 1809 842 1834 ex
872 1795 921 1834 iis
947 1793 1224 1848 potissimum,
1257 1804 1352 1845 quae
1383 1804 1403 1829 a
1431 1789 1681 1829 nostratibus
1711 1788 1883 1842 sparsim
1908 1801 1994 1827 me-

617 1876 759 1916 moriae
789 1882 885 1915 sunt
916 1874 1100 1929 prodita,
1134 1872 1292 1927 optima
1321 1883 1499 1925 quaeque
1530 1870 1707 1923 deligere
1733 1882 1782 1908 ae
1809 1868 1920 1907 velut
1948 1869 1991 1907 in

618 1958 907 1998 chronieorum
931 1956 1131 2011 quosdam
1149 1955 1296 1994 Tomos
1317 1953 1492 1993 fideliter
1512 1952 1716 2005 digerere,
1743 1951 1898 2005 quippe
1920 1952 1991 2004 qui

617 2042 661 2081 in
683 2039 885 2096 majorum
915 2038 1209 2080 traditionibus
1241 2050 1333 2077 eum
1369 2034 1529 2074 delectu
1552 2047 1600 2073 ae
1624 2032 1783 2089 judicio
1804 2032 1992 2086 aequies-

620 2123 794 2162 eendum
824 2136 907 2161 esse
935 2121 1139 2161 duximus.
