2372 3082
590 550 876 592 coenobiorum
917 548 1160 603 polluxisset
1206 548 1313 597 aris,
1366 547 1411 586 in
1458 546 1612 600 quihus
1655 547 1763 588 divae
1808 546 1982 600 virginis

588 614 881 664 Antoniensis,
917 614 1001 655 divi
1031 613 1147 653 Petri
1182 612 1441 662 Lutosensis,
1479 610 1774 665 Apostolorum
1800 612 1915 652 Petri
1944 616 1986 651 et

589 682 713 724 Pauli
727 679 1071 730 Rotornacensis,
1091 693 1141 719 ac
1157 679 1264 719 divae
1279 678 1425 718 Mariae
1445 676 1717 717 Contadensis
1737 678 1987 716 nominatim

591 748 896 803 exprimuntur.
931 746 1123 785 Demiror
1157 744 1370 784 memoriae
1400 758 1485 782 esse
1518 742 1732 796 proditum
1767 743 1821 782 ab
1852 743 1990 782 Berti-

590 813 729 854 nianis
763 810 982 852 coenobitis
1015 810 1267 864 Lydericum
1298 808 1645 848 Harlehecensem
1674 807 1791 859 regia
1824 807 1991 847 Lusita-

591 892 743 918 norum
764 877 892 931 stirpe
914 876 1094 925 editum,
1119 874 1174 914 ab
1195 873 1386 914 Martello
1408 873 1452 912 in
1474 871 1720 912 Flandriam
1735 872 1987 923 adductum,

591 950 816 999 postquam
844 946 1038 996 parentes
1067 938 1157 995 ejus
1186 939 1240 979 ad
1269 936 1626 979 Mahumethicam
1648 935 1889 976 defecissent
1912 937 1994 976 im-

591 1009 807 1064 pietatem.

669 1075 706 1114 D
742 1072 809 1114 CC
842 1072 976 1113 LXVI
1011 1071 1138 1121 obiit,
1184 1070 1217 1110 si
1256 1069 1473 1109 Placentio
1508 1067 1714 1108 credimus
1723 1099 1734 1118 ,
1776 1067 1994 1107 Fulcarius

595 1141 824 1196 Episcopus
853 1138 1113 1187 LeodiensiS,
1147 1136 1319 1176 Comitis
1348 1135 1582 1177 Lovaniani
1613 1147 1664 1173 ex
1690 1132 1778 1171 filia
1804 1131 1995 1172 Custodis

596 1206 809 1247 Flandriae
830 1205 961 1254 filius,
987 1204 1061 1257 qui
1088 1203 1212 1258 primi
1238 1202 1378 1241 fuerat
1400 1201 1566 1254 collegii
1592 1199 1784 1247 antistes,
1810 1198 1995 1252 sepultus

593 1272 639 1311 in
660 1276 775 1326 septo
804 1270 887 1311 divi
914 1268 1150 1308 Lantberti.
1176 1267 1299 1307 Hunc
1321 1267 1354 1306 si
1376 1267 1564 1307 divinare
1585 1265 1709 1305 liceat
1730 1261 1925 1316 Lyderici
1946 1276 1996 1301 ex

596 1350 734 1377 sorore
765 1340 961 1389 nepotem
995 1326 1120 1374 fuisse
1150 1333 1413 1373 crediderim.
1448 1332 1484 1371 D
1508 1331 1573 1372 CC
1599 1327 1798 1377 LXVIII,
1832 1333 1995 1367 mortuo

595 1401 747 1456 Pipino
772 1400 1008 1451 Austrasio,
1037 1399 1210 1439 Carolus
1234 1397 1344 1437 filius
1372 1397 1587 1446 successit,
1618 1395 1652 1434 is
1678 1394 1753 1448 qui
1777 1394 1831 1433 ob
1856 1407 1997 1433 rerum

599 1474 808 1522 gestarum
848 1464 1186 1519 magnitudinem
1220 1463 1364 1516 Magni
1403 1474 1634 1516 cognomen
1671 1458 1838 1498 meruit.
1890 1458 1996 1498 Cum

597 1532 728 1572 fratre
756 1546 935 1585 regnum
964 1530 1118 1570 divisit.
1156 1529 1248 1583 Ipse
1278 1528 1536 1581 Noviomagii
1572 1525 1777 1580 dyadema
1812 1523 1992 1577 accepit,

597 1598 730 1638 frater
758 1612 855 1639 vero
887 1595 1188 1635 Carolomanus
1213 1594 1259 1633 in
1284 1593 1388 1633 urbe
1419 1593 1700 1632 Suessionum.

656 1665 692 1705 D
714 1665 780 1705 CC
802 1661 1036 1711 LXXXIII,
1064 1660 1163 1701 victi
1190 1674 1215 1699 a
1240 1658 1386 1699 Carolo
1413 1659 1566 1712 Magno
1587 1657 1788 1704 Saxones,
1814 1654 1998 1694 traducti

600 1735 697 1770 sunt
717 1743 870 1783 magno
900 1741 1075 1767 numero
1107 1727 1152 1766 in
1177 1727 1390 1780 Belgicam
1420 1725 1629 1778 multique
1652 1737 1701 1762 ex
1726 1721 1775 1761 iis
1796 1720 1998 1775 Lyderico

599 1795 812 1835 Flandrici
828 1794 961 1833 litoris
979 1792 1150 1833 Custodi
1165 1792 1374 1840 attributi,
1396 1796 1442 1830 ut
1459 1790 1512 1830 alo
1529 1790 1601 1828 illo
1620 1789 1663 1827 in
1681 1787 1762 1826 fide
1779 1785 1997 1840 officioque

601 1860 861 1900 Francorum
901 1858 1232 1899 continerentur.
1278 1857 1436 1896 Eodem
1473 1870 1584 1895 anno
1626 1853 1798 1894 Carolus
1842 1866 1913 1890 rex
1957 1858 1998 1891 et

601 1924 897 1978 Hildegardem
930 1937 1120 1972 uxorem,
1160 1929 1202 1962 et
1236 1928 1412 1962 matrem
1448 1920 1695 1960 Bertradam
1725 1917 1877 1957 amisit„

661 1989 696 2028 D
719 1989 786 2029 CC
807 1987 1062 2029 LXXXVIII
1086 1988 1305 2027 adversum
1334 1986 1503 2026 Noricos
1532 2000 1558 2025 a
1581 1984 1770 2034 Francis,
1804 1983 1998 2037 auspiciis

604 2055 743 2095 Caroli
784 2056 913 2109 regis,
945 2053 1175 2093 secundum
1215 2052 1382 2092 invenio
1422 2051 1581 2091 factum
1622 2050 1835 2104 praelium,
1866 2061 1998 2102 eoque

603 2120 897 2173 Engerranum
922 2118 1256 2158 Harlebecanum
1285 2116 1479 2171 Lyberici
1509 2116 1642 2155 filium
1666 2115 1781 2154 haud
1806 2115 1998 2155 ultimam

604 2186 745 2224 tulisse
775 2185 958 2224 laudem.
