2372 3082
1727 323 1993 388 &aa

433 550 606 591 Flandri
625 563 754 605 prope
773 563 915 591 omnes
936 549 1139 592 Lanificio
1159 551 1365 608 imprimis
1387 552 1574 605 student,
1600 554 1762 596 domes-

375 619 458 657 tica
474 631 559 657 non
575 615 717 665 modo,
738 629 881 656 verum
903 615 1028 654 etiam
1048 618 1276 670 importata
1292 618 1346 657 ab
1361 618 1574 672 Hispanis,
1593 617 1759 673 Anglis,

376 682 525 732 Scotis,
558 685 722 721 utentes
751 680 864 719 lana.
904 679 1149 720 Pannorum
1180 683 1299 722 varia
1328 683 1558 722 conficiunt
1586 698 1760 736 genera,

375 760 471 800 quae
490 746 534 785 in
556 758 697 784 omnes
718 744 946 785 Christiani
967 745 1080 785 orbis
1101 747 1335 800 provincias
1364 747 1524 786 externi
1544 754 1765 801 exportant

374 816 636 851 mercatores.
674 809 856 864 Tapetas
890 816 1095 865 praeterea
1125 817 1167 851 et
1198 812 1354 862 aulaea,
1394 817 1436 851 et
1470 812 1686 862 culcitras,
1725 819 1766 852 et

375 877 582 930 stragula,
610 881 653 915 et
677 876 933 929 pulvinaria,
964 882 1006 916 et
1035 891 1241 931 gausapa,
1276 877 1444 931 aliaque
1463 877 1507 917 id
1529 892 1657 931 genus
1676 891 1766 919 ves-

375 941 553 981 timenta
581 941 794 994 eleganter
823 947 1072 991 contexunt,
1105 956 1364 996 magnasque
1394 941 1596 997 ejusmodi
1625 958 1765 984 rerum

375 1011 632 1045 mercaturas
663 1011 871 1044 exercent.
906 1005 1109 1055 Quaedam
1138 1007 1206 1058 (ut
1231 1007 1376 1058 audio)
1402 1007 1593 1046 nationes
1613 1009 1765 1048 avectis

375 1084 509 1124 nuper
534 1082 673 1109 secum
699 1068 731 1108 F
735 1069 933 1109 landricis
959 1070 1203 1110 mulieribus
1228 1070 1447 1110 linificium
1479 1085 1551 1110 seu
1570 1071 1765 1112 linariam

374 1149 399 1175 a
429 1135 548 1175 nobis
579 1134 775 1175 didicere.
809 1134 966 1190 Anglos
990 1136 1091 1175 item
1120 1137 1319 1176 tincturae
1354 1149 1381 1175 a
1410 1135 1530 1175 nobis
1561 1138 1767 1191 accepisse

375 1203 527 1248 artem,
562 1204 660 1237 sunt
694 1199 768 1251 qui
803 1199 1029 1239 affirmant.
1069 1201 1208 1241 Nitido
1243 1202 1379 1251 cultu,
1419 1201 1621 1255 largoque
1653 1203 1767 1243 victu

376 1268 542 1303 aetatem
568 1267 715 1315 agunt.
745 1262 886 1303 Lineis
906 1263 1031 1318 juxta
1056 1271 1184 1319 atque
1209 1265 1342 1304 laneis
1376 1265 1633 1306 indumentis
1657 1266 1764 1306 libe-

376 1329 521 1369 raliter
540 1327 697 1377 vestiti,
718 1341 873 1382 magna
893 1343 1062 1382 quoque
1078 1328 1286 1368 industria
1306 1326 1586 1381 Agriculturae
1606 1335 1765 1370 navant

375 1407 561 1447 operam.

432 1455 573 1496 Genus
598 1456 798 1497 frumenti
827 1457 999 1511 duplex,
1033 1458 1241 1508 triticum,
1273 1464 1315 1498 et
1343 1458 1496 1513 typha,
1525 1471 1653 1512 quam
1679 1458 1767 1498 sili-

372 1520 513 1574 ginem
542 1521 681 1561 minus
711 1527 823 1561 recte
864 1522 1036 1575 appelat
1067 1522 1231 1576 vulgus.
1261 1522 1423 1576 Typhae
1453 1524 1577 1577 longe
1614 1530 1768 1577 praeest

372 1586 561 1625 bonitate
591 1587 794 1626 triticum.
827 1585 882 1625 Et
911 1587 1053 1626 multis
1084 1587 1129 1626 in
1160 1587 1260 1626 locis
1291 1588 1456 1641 pascuis
1488 1588 1692 1629 Flandria
1716 1603 1766 1629 ac

373 1651 504 1705 pratis
534 1664 663 1704 quam
684 1664 783 1690 arvo
810 1651 957 1690 melior
975 1657 1056 1702 est,
1087 1664 1171 1704 quo
1202 1650 1254 1690 fit
1283 1656 1332 1691 ut
1356 1652 1577 1705 peregrino
1601 1667 1766 1693 necesse

373 1714 531 1754 habeat
546 1715 607 1754 uti
623 1713 849 1754 frumento.
875 1714 963 1754 Hoc
983 1715 1133 1755 vicinae
1154 1721 1297 1769 gentes
1312 1715 1617 1768 Veromandui,
1642 1716 1766 1758 Atre-

372 1779 509 1829 bates,
555 1778 773 1827 Ambiani,
816 1778 1217 1833 cameracensesque
1259 1780 1422 1820 affatim
1470 1782 1760 1836 suppeditant,

373 1844 564 1884 ubertate
606 1843 696 1896 agri
731 1843 854 1897 longe
888 1842 1008 1882 nobis
1044 1842 1280 1884 foeliciores.
1329 1843 1551 1899 Cymbrica
1595 1860 1764 1901 quoque

374 1908 651 1948 Chersonesus
682 1922 732 1948 ac
761 1913 902 1961 gentes
923 1907 1094 1957 vieinae,
1128 1921 1232 1961 quas
1263 1922 1348 1947 uno
1376 1922 1569 1949 vocamus
1595 1911 1765 1950 nomine

374 1970 626 2021 Orientales,
652 1970 826 2025 Hispani
847 1970 949 2009 item
970 1975 1012 2009 et
1033 1970 1159 2024 Angli
1186 1970 1387 2011 frumenti
1411 1973 1608 2013 nonnihil
1632 1974 1766 2013 solent

374 2036 558 2082 mittere,
593 2050 642 2075 ac
666 2049 691 2075 a
716 2035 836 2075 nobis
862 2035 962 2074 item
990 2034 1202 2075 interdum
1232 2036 1435 2090 accipere.
1472 2038 1626 2078 Hordei
1654 2051 1766 2092 prae-

374 2106 508 2151 terea,
540 2115 701 2152 avenae,
736 2100 866 2149 fabae,
900 2099 997 2153 pisi,
1031 2098 1170 2147 viciae,
1204 2098 1301 2147 lini,
1341 2101 1566 2150 cannabis,
1605 2101 1761 2154 lupuli,

375 2165 668 2219 paniciLrapi,
693 2164 956 2217 aliarumque
976 2161 1145 2216 frugum
1165 2161 1319 2201 bonam
1339 2162 1501 2204 faciunt
1521 2169 1760 2204 sementem.

376 2228 557 2268 Fossicia
577 2227 772 2268 nonnulli
793 2227 837 2266 in
858 2226 958 2266 locis
979 2231 1095 2265 creta
1115 2238 1207 2264 suos
1228 2239 1349 2279 agros
1370 2232 1614 2268 stercorant.

434 2293 627 2333 Ceterum
667 2293 871 2347 plaerique
906 2292 950 2331 in
986 2290 1207 2332 maritimis
1247 2291 1351 2331 adeo
1392 2293 1567 2348 pingues
1605 2292 1764 2332 habent

376 2370 515 2411 agros,
544 2361 591 2395 ut
612 2369 689 2395 nec
713 2361 964 2405 stercorare,
992 2368 1070 2395 nec
1089 2356 1256 2396 novalia
1280 2357 1451 2410 quidem
1473 2358 1609 2399 facere
1631 2358 1689 2398 ihi
1710 2359 1763 2397 sit
