2372 3082
381 2385 437 2646 ³³³⁹&st

450 2591 581 2639 κῇ»

599 549 762 603 ingenti
780 549 1001 589 hominum
1017 549 1307 598 multitudine,
1327 549 1372 587 in
1389 547 1538 600 Belgas
1554 548 1784 600 irruerunt,
1803 549 1990 590 Taruan-

598 629 699 655 nam
726 615 985 655 Morinorum
1014 630 1109 655 cum
1135 616 1226 655 aliis
1249 615 1461 670 plerisque
1487 614 1662 653 urbibus
1684 614 1793 654 ferro
1816 616 1990 670 ignique

599 685 858 730 everterunt,
897 686 1103 735 tantoque
1133 695 1307 721 numero
1337 693 1387 719 ac
1418 678 1635 718 ferocitate
1666 693 1716 718 ea
1745 685 1992 734 tempestate

598 742 798 783 Germani
819 743 1018 784 Rhenum
1049 745 1358 793 transiverunt,
1383 749 1431 782 ut
1452 743 1662 796 Belgicam
1693 757 1861 782 omnem
1891 744 1994 783 Gal—

598 807 720 857 liam,
760 808 916 861 partim
952 809 1115 858 occisis,
1150 809 1304 862 partim
1337 808 1537 847 submotis
1569 814 1643 847 aut
1668 809 1787 848 victis
1821 809 1991 859 incolis,

601 874 921 926 occupaverint,
961 875 1012 913 de
1048 888 1134 928 qua
1173 888 1218 913 re
1252 872 1336 913 divi
1373 871 1615 925 Hieronymi
1648 872 1692 910 in
1727 872 1903 926 epistola
1942 873 1996 912 ad

601 935 847 976 Gerontiam
878 937 972 977 haeo
1006 944 1104 978 sunt
1139 939 1288 978 verba:
1328 936 1557 976 Remorum
1592 935 1690 974 urbs
1726 942 1962 990 praepotens
1981 967 1992 987 ,

602 1001 825 1052 Ambiani,
858 1001 1102 1053 Atrebates,
1137 1003 1397 1056 extremique
1428 1001 1649 1041 hominum
1685 1003 1859 1052 Morini,
1891 1003 1997 1042 Tor-

602 1079 753 1115 nacus,
799 1066 990 1115 Nemete,
1037 1067 1340 1121 Argentoratus
1378 1067 1572 1106 translati
1618 1067 1663 1107 in
1709 1067 1993 1109 Germaniam.

601 1130 828 1184 Eutropius
865 1131 965 1170 item
1003 1130 1245 1181 Atrebates,
1296 1131 1545 1182 Ambianos,
1591 1132 1824 1187 Menapios,
1869 1133 2001 1174 Vero-

604 1195 829 1244 manduos,
865 1194 1113 1246 Aduaticos‚
1145 1196 1431 1246 Conduenses,
1456 1196 1671 1236 Eburones
1693 1211 1765 1236 suo
1788 1211 1875 1238 aevo
1897 1198 2001 1237 Ger-

604 1273 749 1297 manos
770 1265 936 1298 vocatos
970 1266 1163 1299 testatur.

663 1324 902 1378 Imperante
933 1326 1094 1376 Leone,
1127 1341 1224 1380 pars
1258 1325 1454 1380 quaedam
1490 1324 1747 1364 Morinorum
1784 1339 1810 1365 a
1844 1325 2002 1367 Nerviis

605 1393 814 1441 prognata
834 1403 875 1427 se
899 1389 1083 1440 Herulis,
1104 1389 1443 1444 Turcilingisque
1465 1390 1704 1446 adjunxisse
1729 1400 1999 1444 memoratur,

606 1454 681 1507 qui
726 1454 831 1508 duce
874 1453 1081 1505 Odoacre,
1132 1456 1186 1495 ab
1232 1455 1424 1494 extremis
1463 1455 1569 1508 pene
1612 1456 1802 1495 Saxoniae
1847 1456 2003 1496 finibus

606 1516 805 1571 profecti,
841 1524 989 1558 vexata
1024 1519 1206 1573 primum
1241 1520 1355 1559 omni
1390 1534 1519 1574 prope
1555 1519 1714 1571 Gallia,
1755 1521 1799 1560 in
1837 1522 2004 1562 ltaliam

606 1584 977 1633 transcenderunt,
1004 1585 1330 1638 invaseruntque
1357 1585 1603 1638 imperium,
1634 1586 1747 1639 quod
1779 1600 1911 1626 annos
1945 1587 2004 1626 ibi

607 1652 836 1686 tenuerunt
867 1648 1203 1701 quatuordecim.
1238 1649 1382 1689 Habeo
1414 1651 1610 1690 authores
1644 1652 1717 1705 qui
1748 1651 1824 1691 hos
1854 1667 2006 1706 proge-

608 1713 720 1752 niem
750 1713 874 1753 fuisse
904 1715 1154 1753 confirment
1185 1728 1329 1754 eorum
1370 1714 1618 1768 Belgarum,
1657 1717 1730 1770 qui
1763 1731 1812 1756 ex
1847 1717 2005 1757 Nerviis

610 1777 664 1816 ab
685 1776 888 1831 Romanis
913 1779 1012 1817 olim
1040 1778 1188 1831 pressis
1220 1779 1264 1817 in
1295 1779 1428 1832 sylvas
1450 1785 1490 1817 et
1511 1781 1707 1820 aestuaria
1733 1781 2006 1821 dimitteban-

609 1846 699 1890 tur,
719 1855 870 1894 eosque
887 1842 940 1881 ad
957 1842 1157 1881 Odoacris
1179 1856 1309 1895 usque
1331 1842 1557 1882 adventum
1580 1844 1704 1883 litora
1727 1844 2002 1894 Morinnrum,

612 1905 686 1945 ubi
709 1921 823 1945 nunc
847 1907 1049 1947 Flandria
1070 1914 1151 1958 est,
1177 1909 1418 1957 incoluisse,
1444 1923 1493 1947 ac
1523 1910 1754 1963 Belgiolum
1788 1925 1864 1964 pro
1887 1925 2007 1950 mon-

559 1988 562 1989 ’
609 1971 721 2010 tibus
744 1973 1001 2023 condidisse,
1037 1974 1080 2013 id
1111 1974 1225 2028 quod
1256 1987 1370 2012 nunc
1401 1972 1609 2012 Baliolum
1642 1975 1833 2023 elicimus,
1869 1989 2007 2028 quan-

612 2051 741 2091 quam
773 2044 815 2077 et
844 2038 1008 2078 Bellula
1028 2040 1129 2079 item
1163 2040 1405 2080 nominetur
1434 2037 1479 2076 in
1516 2039 1724 2078 memoriis
1758 2039 1944 2079 vetustis.

672 2102 795 2141 Anno
831 2101 964 2142 CCCC
994 2103 1168 2155 LXXV,
1203 2101 1463 2143 childericus
1495 2102 1754 2142 Francorum
1785 2118 1876 2153 rex,
1909 2117 2008 2158 pro-

613 2165 735 2204 motis
773 2163 865 2220 jam
905 2167 1134 2219 plurimum
1179 2168 1299 2221 regni
1345 2168 1518 2218 finibus,
1568 2171 1682 2224 apud
1728 2169 2008 2223 Agrippinam

615 2228 832 2268 Coloniam
869 2229 1145 2283 Sigibertum,
1184 2231 1399 2273 Cameraci
1437 2233 1715 2290 Atrebatique
1752 2235 2008 2289 Regnacha-

613 2292 745 2341 rium,
766 2292 810 2331 in
827 2293 998 2333 Morinis
1015 2294 1238 2345 Cal-ocum,
1259 2296 1302 2336 in
1321 2298 1501 2337 Treviris
1517 2298 1800 2349 Heribertum,
1821 2299 2007 2352 aliosque

616 2355 717 2395 alibi
752 2356 856 2409 regii
889 2358 1102 2412 sanguinis
1136 2360 1244 2400 viros
1281 2362 1529 2416 praeposuit,
1563 2376 1667 2416 quos
1705 2377 1847 2403 omnes
1877 2376 2006 2417 prope

2154 2640 2164 2649 δ
2124 2596 2184 2632 ἦέ

2172 2602 2225 2650 ἐξῆ-Ξ
2192 2589 2201 2597 ,
2187 2563 2219 2583 ,ς
