2372 3082
385 557 683 610 Belgicumque
728 554 842 594 littus
901 555 1143 605 custodiret,
1194 568 1280 594 non
1324 555 1446 594 modo
1485 555 1764 607 Francorum,

384 622 680 673 Saxonumque
705 620 927 659 latrocinia
958 635 1042 659 non
1063 619 1299 674 prohibuit,
1323 634 1465 660 verum
1487 621 1614 661 etiam
1635 622 1770 661 domi-

384 685 514 724 nandi
536 684 728 723 incensus
749 683 924 723 libidine
947 683 1210 722 Britanniam
1231 684 1411 723 insulam
1432 685 1602 734 invasit,
1626 685 1769 738 ibique

385 762 459 802 per
503 748 587 787 vim
633 747 851 800 occupavit
894 747 1174 801 tyrannidem.
1223 746 1428 786 Julianus.
1458 747 1618 796 Caesar,
1657 749 1771 801 quod

385 813 517 852 tradit
552 811 818 851 Marcellinus
829 813 1129 866 ,‘Lupicinum
1160 811 1454 865 peritissimum
1488 811 1549 850 rei
1579 812 1770 851 militaris

385 876 520 916 virum
547 889 640 913 cum
662 874 847 925 Herulis,
871 875 1063 925 Batavis,
1097 881 1138 914 et
1166 875 1326 915 Mesicis
1351 875 1583 914 Bononiam
1604 888 1653 914 ac
1673 875 1771 914 inde

385 941 427 979 in
451 938 714 978 Britanniam
746 939 871 977 misit.
897 939 989 992 lpse
1020 953 1068 978 ex
1097 941 1266 980 Parisiis
1287 941 1546 980 Tasandrum
1568 940 1769 993 oppidum

384 1004 523 1058 petiit,
560 1003 886 1056 transmissoque
921 1004 1072 1043 Rheno
1111 1005 1324 1057 regionem
1351 1004 1635 1051 Francorum,
1667 1017 1770 1056 quos

384 1069 592 1108 vocabant
602 1067 845 1118 Ansuarios,
865 1070 1060 1123 pervasit.
1075 1068 1348 1122 Temporibus
1357 1066 1609 1106 Dioclesiani
1618 1065 1770 1106 Morini

384 1133 567 1187 primum
599 1132 685 1184 (uti
720 1146 795 1185 ego
831 1134 1018 1187 accepi),
1055 1133 1268 1173 Christum
1304 1137 1553 1172 servatorem
1582 1132 1771 1171 venerari

384 1204 622 1252 coeperunt,
658 1198 831 1238 abducti
862 1200 1128 1240 sanctissimis
1150 1199 1348 1239 doctrinis
1380 1211 1430 1237 ac
1458 1197 1771 1251 praedicationi-

382 1264 459 1303 bus
501 1263 777 1317 piissimorum
813 1264 997 1303 virorum
1042 1263 1237 1304 Fusciani
1277 1276 1327 1301 ac
1373 1261 1606 1309 victoricii,
1656 1261 1770 1314 quod

385 1326 509 1366 ambo
545 1326 599 1365 ab
630 1327 807 1379 praeside
833 1326 1068 1366 Galliarum
1098 1326 1351 1365 Maximiano
1386 1325 1431 1363 in
1463 1324 1680 1364 Ambianis
1716 1324 1769 1363 ob

383 1392 583 1445 pietatem
619 1392 737 1441 caesi,
778 1397 967 1431 sanctam
1006 1392 1126 1432 nobis
1163 1392 1225 1431 sui
1261 1391 1469 1444 reliquere
1505 1390 1764 1429 memoriam.

381 1455 461 1495 Eos
493 1456 629 1496 Roma
649 1456 733 1495 huc
763 1456 968 1509 profectos
998 1457 1179 1497 invenio.

441 1519 565 1559 Anno
585 1520 728 1559 salutis
749 1519 947 1561 humanae
977 1521 1077 1561 CCC
1099 1521 1333 1561 LXXXVII
1353 1521 1499 1574 ingens
1528 1532 1578 1557 ex
1597 1518 1769 1557 Britan-

382 1584 454 1623 nia
489 1590 624 1623 motus
656 1585 806 1624 extitit.
847 1585 937 1625 Rex
973 1586 1206 1626 Britanniae
1241 1586 1445 1626 Maximus
1480 1599 1554 1639 per
1586 1584 1768 1623 militum

382 1649 627 1688 seditionem
649 1648 787 1689 Caesar
808 1651 1064 1704 appellatus,
1089 1658 1236 1691 contra
1257 1651 1507 1691 Gratianum
1534 1647 1768 1702 Augustum

383 1714 427 1752 in
445 1713 602 1752 Gallias
618 1712 804 1768 trajecit,
825 1715 1006 1755 Morinos
1019 1748 1030 1766 ,
1054 1717 1245 1766 Nervios,
1267 1716 1505 1765 Atrebates,
1526 1720 1567 1754 et
1586 1714 1768 1766 reliquos

384 1779 470 1819 fere
493 1779 638 1832 Belgas
660 1777 703 1816 in
725 1792 842 1817 suam
865 1781 1001 1833 coegit
1026 1780 1271 1831 factionem,
1301 1780 1551 1820 Gratianum
1569 1777 1766 1831 Lugduni

384 1843 608 1883 interfecit.
635 1842 792 1881 Solium
820 1843 974 1883 locavit
994 1845 1038 1884 in
1059 1845 1253 1885 Treviris.
1280 1846 1399 1885 Tunc
1420 1843 1613 1884 undecim
1636 1841 1767 1881 millia

383 1908 613 1961 virginum,
656 1921 753 1960 quae
791 1910 915 1948 missa
945 1910 1144 1949 dicuntur
1174 1925 1223 1949 cx
1252 1910 1474 1950 Britannia
1504 1909 1548 1947 in
1583 1906 1766 1946 Galliam

383 1972 438 2012 ad
476 1963 666 2012 ‘militum
709 1973 995 2024 matrimonia,
1036 1975 1089 2014 ab
1125 1982 1369 2015 occurrente
1410 1975 1538 2029 impio
1574 1971 1767 2012 Gratiani

384 2037 570 2076 exercitu
586 2038 739 2091 partim
762 2039 828 2091 (ut
845 2039 973 2078 tradit
994 2039 1335 2094 volaterranus),
1359 2040 1588 2083 trucidata,
1614 2035 1766 2091 partim

384 2107 528 2140 coorta
559 2108 804 2156 tempestate
825 2104 1053 2143 submersa.
1077 2104 1270 2143 Castrum
1291 2104 1483 2154 Caesaris,
1518 2104 1631 2157 quod
1657 2103 1768 2141 idem

386 2167 453 2216 (ut
485 2166 714 2221 referunt),
752 2168 907 2207 dictum
939 2175 1000 2208 cst
1029 2175 1127 2208 ante
1158 2169 1451 2223 Propantium,
1487 2182 1601 2208 nunc
1629 2171 1767 2206 autem

387 2232 634 2273 Castrilocus
665 2240 706 2273 et
731 2234 848 2274 Mons
870 2234 1094 2284 Hancniac,
1120 2235 1247 2288 pulsis
1269 2235 1489 2284 Romanis,
1518 2236 1767 2285 occupatum

386 2296 440 2336 ab
459 2296 691 2347 Britannis,
717 2313 917 2353 monsque
938 2299 1072 2338 dictus
1105 2299 1385 2339 Britannicus.

444 2361 567 2402 Anno
599 2362 732 2404 CCCC
765 2363 842 2414 XI,
875 2364 1054 2404 Vandali
1081 2364 1185 2404 duce
1216 2364 1366 2404 Crosco
1397 2361 1574 2417 trajecto
1612 2360 1766 2400 Rheno
