2372 3082
419 331 541 364 Px&-

359 328 374 374 ΘΓ

357 311 416 573 &Q

1272 322 1331 362 (74)

593 550 767 604 pringa,
807 544 1145 594 Varnestunum,
1175 542 1386 592 Messinae,
1414 542 1656 593 Rolarium,
1698 548 1740 583 et
1773 556 1869 583 cum
1906 544 1990 584 suis

593 614 819 656 clientibus
855 611 1107 663 Castellum,
1142 610 1225 650 1106
1255 615 1316 650 est
1351 607 1579 649 Casletum.

649 745 862 785 Francum
883 748 945 782 est
965 747 1166 797 quartum
1182 739 1401 780 ‘Flandriae
1422 738 1660 778 membrum
1683 737 1993 791 Flamingantis

592 809 806 866 adjectum
839 808 1049 863 prioribus
1082 807 1219 847 tribus
1248 805 1450 859 Philippo
1482 803 1654 844 Audace
1686 809 1727 844 et
1759 803 1994 858 Margarita

592 877 765 918 Malana
792 874 1034 924 comitibus,
1063 872 1158 912 ideo
1188 870 1304 926 quod
1334 869 1521 909 maxima
1556 883 1654 924 pars
1690 869 1869 908 Senatus
1904 867 1993 923 ejus

591 940 727 995 gentis
751 939 830 980 viri
855 944 992 978 essent
1021 938 1204 986 nobiles,
1235 950 1340 990 quos
1370 949 1506 975 comes
1537 950 1622 989 quo
1654 935 1808 976 rectius
1839 939 1994 975 cuncta

591 1005 1007 1054 administrarentur,
1041 1002 1235 1042 omnibus
1264 1003 1309 1041 in
1340 1000 1522 1040 consiliis
1546 1001 1832 1040 membrorum
1866 1000 1996 1041 Flan-

592 1071 696 1110 driee
717 1069 865 1109 haberi
884 1067 1030 1109 voluit.
1058 1066 1133 1106 Est
1153 1072 1295 1106 autem
1317 1072 1431 1106 terra
1452 1065 1619 1106 Franca
1645 1066 1754 1106 nihil
1775 1067 1893 1106 aliud
1916 1066 1994 1106 nisi

593 1150 693 1191 ager
704 1134 946 1188 Brugensis,
961 1149 986 1174 a
1000 1134 1197 1173 libertate
1214 1133 1380 1186 (eredo)
1397 1133 1457 1172 ita
1474 1132 1625 1172 dictus.
1646 1132 1747 1172 Haec
1763 1132 1996 1186 prefectum

593 1202 809 1256 quondam
837 1200 1011 1251 habuit,
1041 1200 1115 1254 qui
1145 1214 1187 1239 se
1217 1199 1503 1239 castellanum
1527 1198 1691 1252 scripsit
1714 1198 1992 1252 Brugensem,

591 1280 768 1320 eamque
796 1265 1094 1320 praefecturam
1124 1265 1179 1304 ab
1205 1264 1371 1304 Joanne
1400 1263 1621 1317 Nigellano
1651 1261 1770 1318 cujus
1801 1263 1995 1303 meminit

590 1330 773 1370 Budaeus
794 1329 859 1370 vir
879 1329 1154 1380 clarissimus,
1187 1328 1357 1369 Joanna
1381 1329 1591 1369 comitissa
1620 1329 1736 1369 emit.
1767 1329 1991 1383 Brugensis

592 1396 856 1437 castellanus
878 1394 1013 1434 dictus
1037 1401 1127 1434 erat
1148 1394 1335 1449 (opinor)
1356 1410 1382 1435 a
1406 1394 1587 1435 Castello
1603 1392 1697 1450 jam
1718 1394 1852 1448 burgo
1884 1394 1996 1434 Bru-

593 1462 709 1516 gensi
719 1492 730 1511 ,
754 1459 874 1516 cujus
890 1461 1019 1500 etiam
1039 1475 1155 1501 nunc
1171 1461 1432 1515 praecipuam
1448 1474 1588 1500 arcem
1605 1460 1848 1499 Francostae
1865 1460 1997 1499 libere

592 1527 827 1581 possident,
852 1527 996 1581 ibique
1015 1528 1263 1581 praetorium
1285 1528 1563 1577 constituunt,
1585 1525 1745 1566 civibus
1763 1524 1930 1564 nullum
1951 1525 1996 1563 in

594 1605 686 1631 eam
702 1590 773 1647 jus
793 1591 1064 1631 habentibus.
1091 1591 1290 1632 Continet
1310 1592 1382 1632 1116
1404 1606 1504 1646 ager
1526 1591 1664 1631 officia
1685 1604 1755 1629 seu
1777 1589 1914 1629 curias
1941 1588 1997 1629 35

595 1670 645 1696 66
675 1657 962 1711 appendentes
992 1657 1208 1696 ambactos
1241 1658 1321 1706 29,
1345 1657 1390 1696 in
1418 1656 1513 1710 quis
1546 1654 1858 1703 Lichtervelda‚
1892 1654 2000 1693 Mal-

594 1722 722 1776 dega,
751 1721 904 1761 Zizela.
934 1722 1023 1761 Hac
1048 1722 1093 1761 in
1115 1722 1284 1762 civitate
1302 1719 1373 1775 jus
1399 1720 1538 1760 reddit
1564 1719 1727 1758 Praetor
1750 1717 1996 1770 Brugensis,

594 1800 722 1840 quem
752 1787 931 1825 diximus
956 1786 1247 1839 peregrinum,
1277 1799 1373 1824 cum
1397 1785 1480 1824 suis
1505 1784 1736 1824 viatoribus
1762 1783 1995 1837 perpetuis,

597 1866 701 1906 quos
734 1851 952 1906 appellant
984 1849 1189 1900 Amanos,
1215 1863 1395 1904 quorum
1420 1854 1518 1888 sunt
1538 1853 1676 1902 partes
1695 1846 1814 1901 jussa
1845 1847 2000 1900 Magis-

597 1921 812 1967 tratuum,
850 1929 900 1955 66
938 1915 1097 1970 placita
1134 1920 1385 1968 vocatosque
1421 1914 1464 1952 in
1495 1911 1566 1968 jus
1602 1912 1762 1952 circum
1801 1912 1912 1952 vicos
1949 1925 1999 1950 ac

548 1982 551 1983 ⁷
599 1981 773 2020 castella
810 1979 1084 2019 denunciare.

656 2045 863 2096 Quaterni
883 2045 985 2083 item
1007 2043 1206 2084 Consules
1222 2057 1295 2083 seu
1316 2042 1498 2083 Tribuni
1519 2040 1843 2095 Burgimagistri
1872 2040 1973 2080 dicti
1985 2071 1995 2089 ,

598 2123 778 2164 quorum
825 2114 909 2148 tres
953 2114 1159 2149 vocantur
1203 2107 1431 2157 Senatorii,
1477 2111 1654 2160 quartus
1695 2105 1994 2145 multitudinis.

598 2174 818 2213 Senatores
842 2174 1055 2213 habentur
1084 2187 1259 2213 numero
1289 2171 1450 2212 XXVII
1477 2172 1592 2225 iique
1617 2171 1832 2225 perpetui,
1861 2184 1999 2223 neque

598 2252 695 2278 vero
720 2252 911 2292 unquam
934 2243 1156 2279 moventur
1179 2237 1407 2291 dignitate,
1433 2236 1513 2275 nisi
1533 2234 1640 2274 forte
1662 2235 1715 2274 ab
1737 2248 1844 2275 novo
1872 2234 1999 2274 adve-

601 2303 744 2343 niente
773 2303 990 2358 principe,
1028 2303 1094 2344 vel
1130 2302 1184 2342 ob
1220 2302 1378 2341 crimen
1412 2300 1523 2341 falsi.
1568 2299 1729 2339 Horum
1763 2304 1998 2353 sequuntur

603 2374 877 2420 conventum,
917 2382 1014 2410 cum
1044 2368 1194 2409 incidit
1228 2368 1406 2418 bellum·⁷
1443 2365 1528 2405 tria
1561 2378 1731 2406 scamna
1768 2365 1860 2420 agri
1891 2364 1997 2404 Fur-

1961 308 2176 364 Q

2177 308 2228 342 ἒξ

2177 327 2229 428 *93ss
