2372 3082
202 323 265 330 «mr

150 405 196 458 Γ)

147 423 177 496 ss

212 323 230 356 ss

176 360 201 401 ea

146 380 168 437 *vm

185 396 201 440 Λ]

171 462 190 522 ‘VN

1961 409 1986 508 ‘fs

382 555 524 595 nensis
539 585 552 605 ,
578 568 629 594 ac
651 554 865 594 territoria
884 554 1110 610 Bergense,
1135 572 1184 599 ac
1203 558 1509 616 Broburgense.
1538 563 1599 603 De
1621 564 1782 619 origine
1976 421 2011 597 ζ

382 621 707 660 Francostarum
719 651 730 671 ,
751 634 800 659 ac
817 627 1024 661 conventu
1040 637 1184 662 eorum
1194 622 1394 679 juridico,
1414 627 1644 669 Lodovicus
1662 629 1783 670 Vives

381 686 726 726 reconditissimae
762 698 811 723 ac
846 686 1100 738 gravissimae
1128 689 1193 727 vir
1223 689 1425 732 doetrinae
1458 694 1555 747 (qui
1585 695 1700 734 velut
1728 695 1783 735 ad

379 751 674 791 illustrandam
709 755 895 789 nostram
934 750 1200 799 Flandriam,
1233 752 1383 808 Brugis
1412 746 1540 797 ducta
1568 758 1627 798 ibi
1654 773 1783 799 uxore

381 816 642 856 domicilium
667 815 838 868 delegit,
867 814 1002 854 factus
1020 815 1112 871 jam
1136 830 1186 855 ex
1210 824 1365 859 natura
1393 822 1599 873 Hispano,
1633 825 1784 864 volun—

380 887 469 922 tate
490 881 718 934 Flandrus)
740 880 834 920 haec
849 894 891 920 se
911 880 965 920 ab
987 881 1217 921 senioribus
1238 896 1288 921 ac
1309 885 1455 937 primis
1476 885 1653 927 civitatis
1670 904 1783 928 acce-

377 946 485 1001 pisse
504 946 609 985 mihi
628 945 786 985 retulit.
811 945 953 984 Fuisse
976 946 1192 998 quondam
1207 948 1435 1000 permultos
1451 950 1542 1003 agri
1559 950 1782 1006 Brugensis

378 1012 490 1051 vicos
510 1011 632 1052 valde
652 1011 872 1064 opulentos
880 1040 892 1059 ,
917 1011 991 1063 qui
1019 1010 1064 1049 in
1093 1011 1269 1050 caritate
1299 1025 1480 1052 annonae
1512 1028 1561 1053 ac
1591 1015 1781 1070 Brugen-

377 1077 485 1116 sium
507 1074 843 1124 necessitatibus,
867 1074 1091 1127 pecuniam
1112 1088 1162 1113 ac
1181 1073 1440 1116 frumentum
1463 1079 1781 1132 suppeditarent

377 1140 560 1190 civitati,
595 1140 709 1194 pacti
743 1138 825 1177 hoc
860 1138 984 1178 modo
1022 1152 1140 1178 suam
1181 1139 1236 1179 ab
1271 1140 1346 1181 illa
1377 1142 1635 1195 libertatem,
1674 1152 1722 1186 ut
1756 1162 1782 1187 a

377 1206 536 1245 Senatu
570 1204 777 1257 Brugensi
813 1203 868 1242 ad
892 1202 1231 1257 jurisdictionem
1271 1204 1498 1247 Castellani
1533 1211 1776 1253 transirent.

377 1270 460 1322 Qui
489 1270 564 1309 ubi
581 1268 673 1325 jam
695 1267 792 1307 satis
813 1280 966 1320 magno
987 1267 1230 1307 viderentur
1249 1282 1334 1308 esse
1355 1283 1549 1323 numero,
1575 1274 1779 1319 Comitem

377 1335 595 1385 adierunt,
636 1348 685 1373 ac
713 1332 1050 1389 jurisdictionem
1079 1347 1154 1387 per
1181 1347 1241 1384 se,
1275 1336 1520 1392 curiamque
1549 1340 1628 1380 sibi
1649 1356 1778 1396 pecu-

377 1400 523 1440 liarem
552 1399 728 1440 attribui
760 1397 986 1452 petierunt.
1023 1397 1167 1438 Comes
1198 1398 1438 1456 (Philippus
1467 1403 1668 1456 Elsatius,
1698 1407 1778 1447 nisi

375 1462 539 1517 fallor),
577 1469 692 1502 ratus
727 1461 1122 1516 opportunissimam
1157 1465 1235 1505 sibi
1271 1467 1457 1508 oblatam
1493 1472 1774 1523 occasionem,

377 1543 462 1583 qua
482 1529 759 1583 Brugensium
778 1529 1047 1568 imminueret
1067 1544 1184 1584 opes,
1208 1532 1377 1587 illisque
1392 1536 1521 1575 socios
1538 1551 1588 1577 ac
1605 1538 1778 1578 clientes

377 1593 636 1645 detraheret,
656 1594 805 1633 lubens
821 1594 1027 1647 laetusque
1048 1608 1140 1634 eam
1160 1596 1359 1650 arripuit,
1382 1600 1686 1655 postulatisque
1705 1615 1776 1642 eo-

376 1672 470 1697 rum
514 1659 680 1698 annuit.
722 1659 957 1709 Quaternos
992 1659 1108 1698 dedit
1154 1661 1212 1700 eis
1251 1661 1459 1704 Tribunos
1504 1680 1687 1717 annuos,
1725 1681 1775 1707 ac

376 1721 575 1762 Senatum
591 1727 841 1776 perpetuum
863 1721 926 1761 sui
948 1722 1070 1762 unius
1092 1724 1307 1775 beneficii,
1342 1728 1532 1769 sanciens
1551 1735 1599 1770 ut
1624 1730 1774 1787 Brugis

374 1786 420 1826 in
451 1787 621 1827 castello
642 1800 717 1826 sua
737 1786 900 1826 curiata
919 1785 1126 1827 haberent
1147 1791 1336 1840 comitia,
1371 1806 1421 1830 ac
1449 1794 1642 1835 stabilem
1673 1810 1775 1837 con-

374 1857 570 1901 ventum,
604 1851 908 1905 prodirentque
937 1851 982 1890 in
1012 1851 1169 1892 bellum
1199 1854 1276 1893 sub
1295 1853 1573 1909 Brugensium
1593 1860 1769 1910 vexillo,

373 1914 455 1955 hac
475 1929 525 1956 ex
543 1930 588 1956 re
609 1916 742 1956 dictos
763 1915 1000 1956 Francones
1021 1929 1094 1956 seu
1113 1917 1362 1959 Francostas
1373 1950 1385 1971 ,
1410 1920 1491 1961 hoc
1511 1927 1575 1962 est
1601 1923 1768 1965 liberos.

177 664 178 671 ⁴
164 507 182 618 „xj

429 2045 672 2086 Flandriam
708 2051 912 2100 praeterea
941 2059 1108 2086 omnem
1138 2047 1329 2102 quinque
1360 2049 1471 2090 inter
1503 2064 1545 2090 se
1576 2051 1770 2095 dividunt

373 2107 590 2163 Episcopi,
627 2110 921 2160 Tornacensis,
961 2110 1226 2162 morinensis,
1270 2112 1577 2167 Atrebatensis,
1618 2118 1768 2160 Came-

374 2173 573 2224 racensis,
598 2173 890 2230 Trajectensis.
914 2174 1170 2216 Tornacensi
1186 2178 1288 2217 trini
1309 2185 1408 2218 sunt
1427 2181 1762 2237 archidiacones,

374 2235 664 2289 Tornacensis,
678 2236 926 2290 Gandensis,
939 2238 1178 2294 Brugcnsis.
1200 2242 1399 2285 Curiones
1417 2248 1588 2289 maximi
1604 2264 1675 2291 seu
1691 2265 1765 2291 cu-

375 2303 534 2343 riarum
550 2304 752 2344 dechardi
769 2303 864 2355 XII,
879 2319 1058 2358 quorum
1069 2320 1118 2346 ex
1134 2321 1308 2349 numero
1317 2309 1592 2354 Tornacensis
1609 2315 1759 2367 curias,

375 2366 420 2406 id
454 2373 533 2417 est,
572 2368 775 2422 paroecias
811 2368 921 2422 regit
950 2383 1070 2421 nxm,
1108 2369 1340 2414 Gaudensis
1374 2388 1499 2427 van,
1538 2377 1762 2432 Brugensis
