2372 3082
645 563 789 616 magni
815 562 880 601 his
906 562 951 600 in
971 563 1213 615 regionibus
1240 563 1421 601 nominis
1443 576 1493 601 ac
1514 561 1782 602 authoritatis
1806 564 1891 603 viro
1913 565 2035 604 attri-

644 629 755 678 buit,
780 628 984 681 illumque
1003 642 1142 682 regem
1164 628 1394 667 constituit.
1421 628 1579 667 Horum
1600 627 1700 666 urbs
1726 628 2035 669 mediterranea

643 693 872 733 Taruanna
898 692 1112 733 Ptolomeo
1138 699 1370 733 memorata
1397 707 1551 732 nomen
1580 692 1733 731 retinet
1764 691 2033 734 Gesoriacum

642 759 790 799 navale
821 764 861 797 et
891 759 1023 798 Icium
1060 760 1412 813 promontorium,
1447 765 1676 813 portusque
1707 758 1814 796 Icius
1847 771 1897 796 ac
1926 758 2033 798 Oro-

641 823 828 862 mansaci
863 837 971 876 pago
1007 823 1226 863 Gesoriaco
1255 823 1397 879 juncti
1440 824 1557 863 haud
1592 823 1689 862 satis
1728 828 2028 875 agnoscuntur,

641 888 722 927 Pro
756 888 841 927 Icio
877 901 926 926 ac
962 887 1182 928 Gesoriaco
1218 889 1449 928 Bononiam
1494 894 1535 928 et
1581 887 1787 927 Calesium
1828 887 2032 928 habemus

641 952 754 992 unde
774 952 818 991 in
841 952 1106 992 Britanniam
1127 953 1391 993 brevissimus
1412 952 1628 1008 trajectus.
1655 952 1793 992 Caesar
1819 953 2030 992 nullorum

640 1019 685 1059 in
706 1018 878 1057 Morinis
901 1019 1149 1072 oppidorum
1171 1018 1272 1058 facit
1294 1020 1549 1058 mentionem
1577 1019 1648 1058 sed
1674 1033 1879 1073 pagorum
1906 1019 2030 1058 dum-

639 1089 770 1123 taxat.
805 1083 965 1122 Plinius
996 1083 1095 1122 item
1123 1083 1424 1123 Oromansacos
1461 1097 1568 1138 pago
1604 1083 1826 1123 Gesoriaco
1855 1082 2027 1138 junctos

638 1149 796 1188 scribit.
820 1149 947 1188 Divus
968 1149 1181 1189 Vinnocus
1202 1150 1324 1204 petiit
1338 1156 1386 1188 ut
1406 1150 1449 1188 in
1472 1150 1614 1202 aliquo
1638 1148 1894 1188 Morinorum
1915 1164 2026 1203 pago

638 1215 786 1254 cellam
807 1214 885 1253 sibi
910 1220 1150 1254 construere
1171 1216 1329 1265 liceret,
1359 1222 1400 1254 et
1430 1216 1503 1269 qui
1524 1216 1654 1255 vitam
1676 1214 1759 1253 divi
1781 1215 2027 1269 conscripsit

638 1278 820 1319 Amandi
860 1277 1110 1319 Gandavum
1149 1294 1352 1333 magnum
1394 1286 1515 1320 vocat
1557 1293 1728 1333 pagum.
1781 1279 1932 1319 Suardi
1978 1294 2028 1319 ac

636 1343 791 1383 Cerulfi
812 1343 1069 1383 Morinorum
1098 1359 1245 1398 regum
1268 1351 1395 1398 atque
1421 1344 1629 1398 Aganippi
1651 1350 1693 1383 et
1714 1344 1884 1384 Holdini
1906 1346 2026 1399 prin-

635 1408 776 1462 cipum
814 1409 1110 1448 Ruthenorum
1148 1410 1360 1449 memoriae
1397 1424 1483 1448 non
1518 1409 1626 1448 nihil
1663 1409 1776 1462 apud
1821 1411 2026 1463 quosdam

635 1479 775 1512 extare
803 1474 938 1513 video.
972 1474 1070 1513 Vias
1098 1480 1239 1513 autem
1265 1475 1446 1513 munitas
1475 1474 1520 1513 in
1548 1473 1719 1513 Morinis
1750 1489 1835 1514 non
1865 1474 2027 1514 Brune-

633 1538 751 1578 haldi
780 1539 1006 1592 Belgarum
1033 1539 1140 1592 regis
1169 1553 1313 1579 verum
1346 1538 1637 1578 Brunechildis
1668 1539 1926 1578 Francorum
1957 1553 2025 1579 re·-

632 1606 743 1659 ginae
764 1620 891 1659 opera
912 1620 996 1645 esse
1017 1605 1263 1645 Bertiniana
1284 1605 1465 1644 affirmat
1484 1604 1673 1643 historia.
1708 1604 1770 1643 Ex
1798 1604 1847 1643 iis
1868 1619 1954 1644 una
1975 1620 2024 1645 ex

632 1669 903 1710 Atrebatibus
934 1670 1146 1723 Stegriaco
1169 1669 1418 1722 Casletoque
1446 1669 1499 1708 ad
1520 1682 1636 1707 mare
1657 1669 1773 1707 ducit
1794 1669 2022 1722 multisque

631 1734 864 1774 etiamnum
883 1735 984 1773 locis
1008 1734 1147 1787 lapide
1168 1740 1299 1773 strata
1321 1733 1521 1773 cernitur.
1548 1732 1686 1772 Aliam
1708 1738 1799 1773 tota
1817 1732 1848 1772 F
1853 1733 2022 1773 landria

629 1800 840 1854 lapideam
860 1799 1016 1838 dictam
1038 1799 1268 1838 Taruanna
1288 1798 1342 1837 ad
1372 1797 1561 1836 Treviros
1588 1797 1837 1849 pertinuisse
1858 1796 2016 1837 ferunt.

628 1864 930 1904 Britannorum
950 1877 1023 1903 rex
1041 1863 1269 1904 Ebrontius
1282 1894 1292 1912 ‚
1313 1861 1533 1901 Hunorum
1551 1860 1684 1900 Attila
1697 1892 1707 1910 ,
1728 1861 2020 1902 Vandalorum

629 1927 821 1977 Croscus,
856 1927 1116 1967 Francorum
1138 1927 1302 1976 Clodio,
1336 1927 1643 1967 Normanorum
1675 1926 1799 1966 Rollo
1828 1927 2023 1968 Taruan-

628 2006 728 2032 nam
764 1992 996 2045 antiquitus
1032 1991 1201 2045 coepisse
1245 1997 1548 2031 memorantur.
1593 1990 1728 2030 Autor
1762 1997 1823 2030 est
1867 1991 2019 2032 Strabo

627 2057 830 2106 Morinos,
872 2056 1111 2105 Atrebates,
1151 2055 1367 2096 Eburones
1402 2063 1444 2096 et
1478 2057 1691 2111 Menapios
1727 2057 1841 2112 sylva
1876 2072 2019 2097 omnes

627 2121 859 2162 Arduenna
889 2122 1116 2171 contineri,
1140 2122 1351 2176 profunda
1370 2122 1610 2162 inhabitare
1635 2136 1832 2170 nemora,
1864 2136 1914 2162 ac
1944 2137 2020 2177 per

626 2188 801 2242 paludes
836 2201 985 2242 parvas
1006 2188 1210 2241 quasdam
1230 2194 1374 2227 tenere
1394 2188 1567 2228 insulas.

680 2254 802 2293 Inter
856 2260 1011 2293 caetera
1055 2254 1313 2294 Morinorum
1356 2252 1513 2306 oppida
1549 2252 1782 2292 Bononiam
1818 2252 2014 2292 secundae

628 2318 701 2357 abs
721 2317 951 2358 Taruanna
973 2318 1228 2372 dignationis
1259 2317 1383 2358 fuisse
1414 2323 1530 2371 puto.
1556 2317 1633 2357 Hie
1663 2316 1886 2358 Carantius
1917 2318 2018 2358 Dio-

627 2383 806 2422 clesiano
837 2382 1000 2423 Caesare
1034 2397 1130 2423 cum
1166 2384 1437 2424 limenarchae
1473 2384 1517 2423 in
1552 2398 1711 2424 morem
1744 2384 2012 2439 praesideret,

2222 2550 2252 2567 wo
