2372 3082
150 353 399 393 ‘QQ
412 364 1249 401 ffl(25x—-

362 583 618 638 gemmisque
648 582 772 624 variis
800 582 1030 635 insignivit.
1061 583 1170 626 Filia
1197 591 1287 626 erat
1308 584 1559 641 Adalsquari
1580 603 1746 643 magnae

361 649 571 702 religionis
600 649 703 699 viri,
743 648 966 688 conditoris
1002 648 1285 691 Alchi-aeensis
1317 653 1515 703 coenobii,
1558 655 1631 708 qui
1661 670 1747 696 una

360 728 456 753 cum
488 713 663 770 conjuge
691 714 884 767 Aneglia,
920 713 1011 768 pari
1041 713 1195 767 pietate
1224 715 1418 767 praedita,
1442 717 1742 767 sacerdotibus,

359 778 515 819 Silvino
536 779 725 819 Alehiaei
754 778 951 819 defuneto
975 778 1094 834 justa
1121 777 1373 818 solventibus
1382 786 1399 828 ,’
1425 777 1601 818 funebre
1635 780 1749 819 dedit

360 846 544 899 epulum.

415 910 577 949 Dehine
612 923 723 949 anno
760 909 903 949 salutis
932 909 968 948 D
986 908 1052 949 CC
1068 908 1202 960 XLII,
1238 910 1436 963 migravit
1467 923 1517 949 ex
1548 910 1631 950 hae
1659 911 1745 952 vita

357 973 609 1013 Erkenbodo
625 972 882 1012 Morinorum
903 973 1117 1027 episeopus
1138 979 1180 1013 et
1200 974 1311 1013 abba
1327 974 1437 1013 idem
1457 974 1740 1026 Bertinianus,

356 1038 647 1093 praedicandus
664 1038 777 1077 omni
794 1038 993 1077 memoria
1008 1036 1177 1092 praesul,
1190 1042 1336 1090 utpote
1351 1038 1418 1076 eui
1434 1037 1542 1076 nihil
1558 1051 1744 1091 unquam

354 1101 469 1155 prius
492 1101 713 1155 potiusque
743 1101 824 1140 fuit
853 1115 903 1140 ae
930 1101 997 1155 pie
1021 1101 1114 1157 jam
1134 1102 1370 1156 plantatam
1396 1102 1551 1143 Christi
1578 1103 1745 1146 vineam

354 1165 478 1204 latius
517 1165 651 1205 indies
694 1179 946 1219 propagare,
985 1172 1113 1222 atque
1148 1168 1203 1208 ad
1241 1168 1482 1208 uberiorem
1518 1169 1745 1223 perducere

355 1227 552 1268 fructum.
586 1229 755 1269 Praedia
775 1243 871 1283 quae
900 1231 950 1269 de
973 1230 1201 1285 Rigoberto
1226 1233 1409 1286 quodam
1430 1233 1678 1274 Lederseliis
1699 1234 1744 1274 in

355 1291 591 1345 Menapiseo
617 1292 736 1342 emit,
771 1292 979 1332 Flamines
1001 1294 1085 1335 divi
1114 1294 1342 1336 Audomari
1369 1311 1482 1336 nuno
1511 1298 1737 1351 possident.

354 1355 464 1395 Situs
495 1362 555 1395 est
574 1357 619 1395 in
639 1356 762 1409 Septo
794 1356 877 1396 divi
898 1356 1103 1398 Otomari.
1126 1359 1227 1399 Haec
1252 1359 1296 1398 in
1319 1373 1500 1413 praesens
1521 1360 1571 1399 de
1587 1361 1740 1401 sanctis

354 1420 610 1461 Morinorum
637 1421 734 1461 viris
763 1421 860 1461 satis
890 1420 1026 1461 habeo
1055 1421 1210 1474 dicere,
1253 1422 1376 1476 plura
1406 1423 1488 1463 suis
1519 1429 1740 1464 occurrent

353 1485 468 1524 loeis.

410 1547 591 1588 Morinos
618 1549 785 1588 ultimos
813 1548 1032 1589 hominum
1061 1550 1246 1605 appellat
1282 1550 1501 1605 Virgilius,
1537 1552 1591 1591 ad
1626 1552 1742 1592 hune

352 1614 522 1655 modum
558 1614 608 1655 de
643 1614 866 1669 triumphis
904 1615 1087 1655 scribens
1118 1612 1280 1654 Octavii
1314 1613 1506 1668 Augusti:
1545 1614 1738 1655 Eufrates

352 1677 442 1717 ibat
460 1677 553 1732 J'am
573 1679 738 1717 mollior
759 1679 900 1727 undis,
923 1678 1191 1731 Extremique
1212 1677 1431 1717 hominum
1448 1677 1599 1717 Morini
1620 1678 1738 1719 Rhe-

351 1754 514 1794 nusque
542 1741 744 1792 bicornis,
779 1742 1055 1796 indomitique
1076 1742 1198 1794 Daci,
1233 1749 1274 1782 et
1299 1749 1469 1796 pontem
1492 1743 1736 1796 indignatus

350 1803 517 1846 Araxes.
