2372 3082
360 298 466 351 2225,
429 296 565 346 {fv
629 300 2235 360 ρ--ῥ-ὴ-ωω-*ᾠῂκῆᾓξχὲῑέἒ

363 350 418 563 {⁹⁷2}

598 535 792 590 garitam.
818 533 1064 575 Franciscus
1101 534 1207 574 obiit
1241 535 1287 574 in
1321 535 1518 589 pueritia.
1551 535 1782 592 Margarita
1817 538 2003 594 primum
2040 556 2043 557 ⁷

597 601 712 640 dicta
736 598 885 639 Carolo
910 599 1170 639 Francorum
1194 601 1283 654 regi
1309 600 1558 655 cognomine
1582 608 1728 643 octavo
1753 604 1891 645 locata
1916 611 1999 656 est,

595 666 751 706 dehinc
774 665 930 706 Joanni
955 666 1168 707 Fernandi
1194 667 1387 708 Castellae
1417 666 1730 723 Aragoniaeque
1759 669 1886 722 Regis
1916 671 2003 711 filio

595 746 645 772 ex
661 745 745 786 quo
762 731 934 786 stirpem
951 732 1114 786 peperit
1133 732 1298 773 virilem
1313 739 1446 772 morte
1462 734 1506 773 in
1524 734 1708 776 infantia
1724 741 2000 789 assumptum.

593 796 856 837 Postremum
879 796 1023 850 nupsit
1044 796 1269 836 Sabaudiae
1285 797 1383 837 duci
1404 797 1724 853 Philibertoque
1739 799 1859 839 haud
1880 799 2005 853 longe

593 868 709 917 post,
754 862 873 901 nulla
909 861 1128 916 superstite
1166 862 1307 902 sobole
1343 862 1459 901 exuit
1497 862 1726 904 hominem.
1766 863 2006 918 Mansitque

593 927 825 981 Margarita
844 928 889 968 in
911 928 1110 969 coelibatu
1133 942 1182 969 ac
1207 928 1318 969 diem
1344 929 1495 968 clausit
1520 929 1760 969 Mechliniae
1786 929 1868 969 hoc
1892 943 2005 969 anno

593 993 670 1033 sub
694 992 792 1033 Kal.
816 994 1078 1045 Decembris,
1104 997 1269 1050 sepulta
1288 994 1439 1048 Brugis
1470 1009 1512 1034 xl
1543 994 1641 1034 Kal.
1672 994 1928 1036 Februarius
1960 994 2005 1034 in

593 1074 666 1099 suo
698 1058 1070 1100 Annunciatarum
1102 1062 1308 1102 coenobio.

650 1123 874 1179 Philippus
906 1123 1123 1166 Archidux
1155 1126 1358 1179 Austriae,
1388 1143 1461 1168 rex
1488 1129 1599 1168 idem
1626 1127 1839 1178 Castellae,
1867 1142 2004 1168 comes

592 1191 807 1231 Flandriae
828 1190 1098 1240 Tricesimus‚
1123 1206 1295 1232 uxorem
1321 1194 1474 1233 habuit
1499 1194 1712 1234 Joannam
1734 1193 2004 1233 Ferdinando

591 1270 689 1310 rege
705 1254 950 1309 Aragonum
967 1260 1097 1309 atque
1113 1255 1327 1299 Elisabeta
1345 1258 1540 1299 Castellae
1556 1259 1836 1313 Legionisque
1852 1258 2001 1313 regina

591 1321 830 1371 oriundam,
850 1320 991 1360 liberis
1008 1322 1230 1375 gignendis
1247 1324 1618 1376 foecundissimam5
1640 1325 1752 1365 unde
1768 1325 1894 1380 stirps
1910 1340 2002 1380 pro-

592 1387 670 1427 diit
692 1385 1010 1441 generosissima
1030 1386 1204 1428 Carolus
1226 1389 1539 1440 Ferdinandus,
1564 1391 1777 1439 Leonora,
1797 1389 1997 1440 Isabella,

590 1451 741 1502 Maria,
754 1451 970 1492 Catarina.
991 1451 1260 1494 Ferdinando
1271 1454 1472 1508 Ungariae
1484 1455 1783 1508 Bohemiaeque
1794 1455 1883 1508 regi
1896 1469 2001 1494 uxor

592 1522 653 1555 est
679 1515 805 1557 Anna
826 1517 1010 1557 Ladislai
1042 1517 1243 1572 Ungariae
1275 1534 1324 1559 ac
1355 1519 1569 1559 Bohemiae
1598 1519 1708 1573 regis
1730 1519 1831 1560 filia.
1857 1520 1999 1560 Liberi

592 1582 903 1623 Maximilianus
940 1589 981 1621 et
1010 1582 1244 1624 Elisabeth.

669 1648 865 1688 Leonora
904 1648 1048 1702 nupsit
1087 1648 1309 1690 Emanueli
1349 1651 1438 1703 regi
1478 1649 1709 1691 Lusitaniae
1747 1665 1796 1690 ac
1837 1650 2001 1704 peperit

591 1713 722 1753 filiam
756 1713 925 1753 nomine
961 1713 1154 1754 Mariam.
1194 1715 1315 1755 Nunc
1347 1721 1488 1755 autem
1524 1714 1757 1756 Emanuele
1797 1714 1999 1755 defuncto

591 1780 731 1819 locata
758 1786 819 1818 est
849 1779 1069 1818 Gallorum
1100 1782 1189 1834 regi
1216 1782 1456 1821 Francisco.
1481 1781 1663 1822 Isabella
1690 1783 1900 1823 Joannem
1926 1795 1999 1835 ge-

592 1844 687 1884 nuit
708 1843 1076 1898 Christianamque
1097 1852 1139 1885 et
1155 1847 1410 1886 Dorotheam
1431 1861 1480 1885 ex
1497 1846 1757 1885 Christierno
1782 1848 1998 1887 Danorum

592 1924 711 1965 rege,
741 1925 837 1951 cum
859 1925 943 1964 quo
965 1910 1103 1963 patria
1131 1911 1308 1966 profugo
1338 1926 1475 1966 nuper
1503 1911 1628 1950 rediit
1657 1912 1701 1951 in
1731 1911 1993 1950 Flandriam.

532 1975 535 1977 ⁴
594 1976 794 2031 Obiitque
806 1976 1013 2018 Gandavi.
1029 1977 1109 2017 sita
1119 1978 1341 2032 magnifice
1358 1978 1412 2017 ad
1423 1977 1552 2016 Petri.
1571 1976 1707 2017 Maria
1723 1992 1837 2017 nunc
1849 1977 1999 2018 coelebs

595 2049 637 2082 et
652 2043 811 2097 absque
826 2041 968 2081 liberis
986 2040 1100 2094 luget
1116 2043 1315 2083 maritum
1325 2042 1525 2096 Ungariae
1542 2041 1840 2096 Bohemieeque
1856 2056 1999 2095 regem

593 2108 855 2148 Ludovicum
870 2105 1056 2146 Ladislai
1071 2107 1222 2158 filium,
1242 2107 1516 2147 fortissimum
1532 2107 1668 2147 virum
1685 2107 1780 2146 dolo
1799 2121 1847 2146 ac
1864 2107 2000 2161 prodi-

593 2175 722 2225 tione,
742 2175 804 2215 uti
826 2186 902 2225 ego
928 2173 1085 2225 accepi,
1110 2173 1286 2214 joannis
1302 2172 1502 2213 Vaivodae
1524 2172 1786 2212 Bistricensis
1807 2187 1833 2212 a
1852 2172 1999 2211 Turcis

594 2240 756 2294 pridem
780 2240 938 2279 victum
969 2239 1251 2293 occisumque.
1288 2237 1499 2277 Catarinae
1528 2238 1627 2277 filiae
1663 2237 1850 2292 Philippi
1879 2238 1998 2293 prin-

595 2306 698 2360 cipis
728 2310 832 2345 natu
881 2305 1066 2346 minimae
1107 2303 1423 2344 matrimonium
1464 2309 1525 2343 est
1563 2318 1659 2343 cum
1697 2303 1996 2343 Lusitanorum

595 2386 692 2426 rege
719 2372 883 2412 Joanne
913 2372 998 2412 filio
1030 2371 1285 2411 Emanuelis.
1324 2369 1497 2409 Carolus
1534 2368 1711 2410 Caesar
1700 2366 1991 2410 mvictissimus

2204 2481 2225 2557 s

2212 2587 2227 2603 O

1962 2601 2229 2656 &5⁶³3ss
