2372 3082
339 565 419 609 tes,
452 558 665 611 hastisque
695 559 889 599 instructi
921 561 975 600 ad
1004 575 1215 616 cauponas
1245 571 1501 616 commeant,
1535 567 1728 611 rixantur

338 637 645 677 nonnunquam
688 624 800 663 inter
842 626 1013 678 pocula,
1056 641 1106 665 ac
1154 629 1288 666 caedes
1327 629 1506 670 invicem
1545 631 1722 675 faciunt.

338 687 478 728 Genus
506 687 726 727 hominum
754 689 978 728 maximam
1009 696 1173 743 partem
1201 691 1394 732 flammeo
1429 696 1585 746 colore,
1623 699 1727 740 adeo

337 757 386 791 ut
406 751 460 791 ab
485 750 687 790 flammeis
714 752 941 792 cervicibus
966 753 1244 793 Flammenses
1271 755 1600 812 dictos'quidam
1624 762 1729 803 exis-

338 817 509 867 timent,
547 817 716 857 robusto
746 818 978 870 generatim
1009 832 1201 871 corpore,
1237 818 1394 874 dispari
1426 828 1613 864 attamen
1643 831 1729 867 sta-

338 887 456 931 tura,
475 881 629 935 partim
649 895 839 936 procera,
863 883 1017 937 partim
1038 884 1173 933 brevi,
1193 885 1349 939 partim
1370 888 1595 941 quadrata.
1625 890 1728 933 Ossa

340 961 390 987 ac
424 948 616 989 calvariae
651 949 868 1002 stupendae
908 949 1209 1003 magnitudinis
1249 952 1477 1005 sepulchris
1513 954 1728 999 interdum

339 1011 493 1051 refossa
531 1012 744 1050 testificari
787 1012 981 1051 videntur
1021 1015 1120 1053 olim
1161 1015 1285 1054 fuisse
1324 1019 1565 1070 corporibus
1604 1022 1729 1077 longe

338 1075 626 1129 amplioribus.
674 1074 834 1115 Ferunt
867 1076 951 1116 huc
987 1077 1214 1131 profectam
1256 1087 1475 1136 gyganteae
1515 1086 1730 1138 quandam

339 1146 510 1181 staturae
526 1147 692 1195 gentem
710 1156 760 1181 ex
775 1142 1011 1183 Britannia.
1037 1143 1237 1199 Cymbros
1255 1146 1425 1200 insuper
1440 1162 1489 1187 ac
1504 1149 1727 1203 Teutonos,

340 1219 366 1245 a
396 1206 548 1259 quibus
579 1206 759 1246 dicimur
789 1208 993 1261 originem
1024 1209 1194 1259 ducere,
1223 1211 1342 1250 mirae
1372 1210 1495 1252 fuisse
1518 1216 1731 1268 magnitu—

340 1268 449 1308 dinis
477 1269 680 1309 homines.
714 1269 969 1324 Pomponius
998 1272 1108 1312 Mela
1137 1273 1290 1314 author
1325 1281 1386 1314 est
1415 1276 1624 1317 Teutonos
1655 1294 1730 1321 sua

341 1339 465 1373 aetate
498 1334 678 1373 tenuisse
714 1333 946 1374 Britanniae
975 1335 1179 1387 insulam,
1215 1337 1504 1379 Cadanoniam
1538 1343 1727 1395 nomine,

342 1404 489 1437 contra
509 1397 777 1438 Germaniam
798 1399 1051 1454 projectam,
1075 1401 1187 1441 unde
1207 1400 1390 1442 fortassis
1411 1403 1631 1445 Ruthenos
1647 1406 1731 1447 huc

341 1461 546 1517 profectos
577 1463 764 1503 divinare
794 1478 1028 1517 possumus,
1067 1466 1245 1504 maxime
1280 1480 1376 1506 cum
1405 1476 1572 1521 gentem
1608 1471 1732 1514 fuisse

342 1528 512 1567 tradant
536 1528 991 1569 Nortuvintombricam
1013 1544 1062 1569 ac
1083 1529 1323 1570 Albianam.
1348 1531 1543 1587 Crapulae
1563 1536 1731 1577 obnoxii

343 1599 441 1633 sunt
469 1593 699 1648 praesertim
731 1595 805 1648 qui
835 1595 1013 1649 proximi
1045 1595 1099 1634 ad
1130 1594 1345 1636 Oceanum
1379 1607 1576 1653 vergunt,
1616 1604 1730 1656 quod

139 1658 143 1704 Ι
344 1658 496 1698 vicium
518 1658 609 1697 coeli
626 1658 823 1711 gravitati
839 1659 1152 1699 concoctionem
1172 1662 1338 1701 acuenti
1354 1663 1563 1717 assignare
1579 1667 1727 1707 solent.

140 1728 143 1748 ¹
344 1722 395 1762 In
426 1723 642 1773 conviviis,
677 1724 834 1778 epulis,
873 1726 1307 1778 commessationibus,
1345 1730 1496 1771 vestitu
1530 1733 1730 1787 cultuque

140 1776 144 1828 ἓ
345 1787 548 1841 corporis,
577 1787 645 1828 vix
675 1788 809 1828 ullum
840 1789 1045 1843 plaerique
1069 1791 1229 1830 habent
1257 1793 1443 1833 modum.
1476 1794 1641 1850 Ecquid
1668 1799 1733 1838 vel

140 1841 145 1915 j
344 1851 388 1890 in
409 1852 605 1903 vestium,
628 1853 695 1894 vel
714 1853 759 1892 in
782 1855 1001 1908 epularum
1022 1855 1179 1895 deliciis
1200 1858 1433 1911 excogitare
1452 1867 1626 1913 possunt
1644 1863 1732 1916 pri-

142 1926 144 1946 *
345 1921 473 1954 :nates
481 1946 493 1965 ,
532 1916 646 1970 quod
681 1931 767 1956 non
797 1918 938 1958 statim
969 1922 1189 1962 aemuletur
1224 1924 1514 1978 exprimatque
1546 1926 1732 1980 ignobile

141 1956 145 2034 ¹·
346 1976 523 2033 vulgus?
547 1980 658 2035 Lege
687 1983 948 2036 sumptuaria
975 1986 1117 2026 multis
1143 1993 1205 2026 est
1227 2001 1344 2041 opus.
1370 1988 1538 2040 Quanto
1561 1994 1731 2046 propius

143 2063 146 2091 Χ
346 2043 505 2082 accedis
525 2044 580 2084 ad
601 2058 736 2096 mare,
761 2051 881 2086 tanto
907 2047 1114 2100 rudiores,
1143 2051 1213 2090 sed
1240 2051 1518 2103 liberaliores,
1547 2057 1732 2109 apertio-

344 2119 493 2160 resque
516 2121 565 2147 ac
589 2110 721 2163 magis
745 2109 975 2151 Germanos
998 2112 1138 2154 videas
1165 2114 1387 2166 Flandros,
1411 2123 1571 2170 quanto
1591 2125 1730 2159 autem

345 2172 603 2226 propinquas
625 2175 755 2229 magis
784 2176 839 2216 ad
862 2175 1024 2228 Gallos,
1052 2183 1172 2218 tanto
1196 2179 1410 2230 cultiores,
1437 2180 1727 2235 humaniores,

347 2237 678 2294 callidioresque.
710 2240 864 2282 Omnes
898 2249 1040 2284 tamen
1075 2251 1229 2285 natura
1263 2244 1416 2286 feroces
1451 2254 1567 2298 sunt,
1604 2254 1731 2303 atque

346 2305 395 2340 ut
414 2301 533 2342 nulla
553 2318 652 2357 gens
676 2305 865 2358 liberior,
893 2307 953 2348 ita
972 2322 1057 2348 suae
1080 2309 1285 2350 libertatis
1305 2310 1424 2350 nulla
1441 2326 1619 2367 usquam
1642 2328 1731 2369 per-

346 2365 526 2407 tinacior
563 2368 728 2409 vindex.
767 2371 892 2413 Sexus
927 2373 1141 2414 muliebris
1175 2389 1329 2429 magna
1364 2381 1425 2416 est
1458 2383 1650 2419 venustas
1681 2393 1730 2418 ac
