2372 3082
624 562 874 604 dunensium
903 560 1114 611 Pontifex,
1140 562 1184 600 in
1213 561 1378 601 Genesii
1401 562 1610 602 demortui
1635 563 1773 602 locum
1797 561 2005 602 suffectus.

623 627 757 683 Hujus
790 632 970 679 cognata
993 626 1276 680 Angadrisina
1306 628 1521 667 vestalium
1555 627 1891 666 Belovacensium
1920 641 2011 667 ma-

622 695 757 743 xima,
796 691 1015 732 Othomari
1053 693 1234 747 episcopi
1270 699 1311 732 et
1341 694 1430 747 ipsa
1464 699 1588 733 aetate
1620 692 1751 732 multo
1786 692 2012 732 castissime

622 758 865 811 religionem
888 757 1036 806 coluit3
1063 757 1183 796 Baini
1205 757 1304 796 item
1323 758 1505 811 episcopi
1526 761 1814 796 consecratam
1837 756 2013 795 tradunt

623 823 882 863 memoriam.
908 822 1015 860 Eum
1033 828 1158 860 antea
1174 822 1329 861 abbam
1346 822 1468 862 fuisse
1486 822 1646 877 reperio
1657 821 2009 861 Fontanellicum.

625 889 752 928 Divus
775 893 914 926 autem
935 887 1176 927 Maurontus
1199 902 1270 927 seu
1291 887 1515 927 Morandus
1539 887 1784 940 (utrumque
1800 884 2009 937 invenio),

622 951 836 992 Rictrudis
871 950 1163 989 Martianensis
1200 951 1331 1002 filius,
1372 952 1487 991 haud
1521 953 1658 991 minus
1691 952 1848 1005 pietate
1884 964 2013 1004 quam

623 1031 772 1071 genere
797 1015 947 1055 nobilis
962 1045 972 1063 ,
996 1015 1230 1069 Broylensis
1247 1015 1326 1055 fuit
1343 1016 1468 1056 abba.
1498 1017 1775 1056 Minoriacum
1798 1015 2012 1055 Antonino

623 1082 717 1130 Pio,
752 1080 955 1119 Minorem
976 1080 1130 1119 Villam
1160 1096 1274 1121 nunc
1307 1096 1391 1121 esse
1423 1083 1629 1122 credimus
1650 1082 1704 1122 ad
1725 1082 1861 1135 ripam
1887 1081 2010 1130 Lisae,

624 1161 707 1200 quo
738 1145 822 1185 fere
853 1146 942 1185 loco
978 1145 1213 1185 coenobium
1248 1153 1339 1187 erat
1375 1148 1474 1187 olim
1504 1149 1571 1188 cui
1602 1161 1754 1187 nomen
1785 1147 2011 1201 Broylum,

625 1210 785 1251 Gallice
820 1210 961 1250 Bruel.
1005 1208 1082 1248 Hic
1116 1216 1157 1248 et
1202 1210 1376 1251 Amatus
1422 1213 1631 1252 Senonum
1669 1211 2014 1251 honoratissimus

625 1275 830 1330 pontifex,
865 1274 980 1313 haud
1010 1274 1081 1313 vili
1114 1274 1314 1315 dicendus
1345 1278 1550 1327 carmine,
1586 1277 1671 1316 fato
1705 1275 1919 1315 concessit.
1953 1274 2014 1313 Eo

627 1341 736 1379 enim
768 1339 823 1379 ad
853 1339 1102 1379 Morandum
1124 1341 1387 1396 confugerat,
1416 1343 1511 1382 sede
1532 1357 1606 1382 sua
1631 1343 1684 1383 ab
1709 1341 1893 1381 Ebroino
1920 1353 2012 1379 ma-

628 1407 756 1460 gistro
777 1406 967 1459 equitum
991 1406 1148 1459 pulsus.
1173 1407 1289 1447 Obiit
1304 1408 1528 1448 Morandus
1550 1422 1662 1449 anno
1687 1408 1721 1446 D
1738 1404 1804 1445 CC
1822 1405 1862 1454 I,
1882 1404 2013 1445 Ama-

627 1478 694 1511 tus
716 1472 750 1511 D
767 1471 798 1511 C
815 1471 912 1520 XC,
947 1470 1066 1526 cujus
1099 1486 1267 1528 corpus,
1292 1474 1510 1513 urentibus
1544 1473 1768 1513 crudeliter
1801 1470 2012 1524 Belgicam

628 1537 867 1585 Normanis,
893 1551 942 1575 ex
972 1536 1123 1590 Broylo
1150 1528 1336 1577 D*uacum
1369 1538 1450 1578 fuit
1476 1539 1746 1586 translatum,
1776 1536 2014 1576 conditum-

628 1615 711 1655 que
740 1601 785 1640 in
812 1601 902 1640 aede
927 1600 1112 1654 Virginis
1136 1602 1280 1642 Matris
1302 1604 1435 1654 dicta,
1472 1618 1586 1643 nunc
1607 1603 1690 1644 divi
1725 1602 1879 1642 Amati.
1906 1601 2012 1641 Vin-

628 1680 756 1706 nocus
791 1666 853 1706 vir
884 1665 1086 1719 singulari
1116 1669 1393 1708 sanctimonia
1428 1669 1525 1708 vitae
1560 1668 1755 1721 insignis,
1789 1667 1928 1723 jussus
1960 1667 2014 1707 ab

629 1731 723 1771 divo
757 1730 928 1770 Bertino
967 1732 1116 1771 cellam
1155 1734 1233 1772 sibi
1269 1734 1382 1788 apud
1416 1733 1659 1773 Worinholt
1701 1738 1914 1782 extruere,
1960 1732 2014 1772 ab

630 1795 856 1834 Heremaro
876 1796 1068 1849 religioso
1089 1798 1176 1837 viro
1197 1799 1353 1838 bonum
1375 1800 1428 1838 ad
1445 1800 1487 1838 id
1514 1800 1604 1852 agri
1636 1799 1804 1837 modum
1835 1798 2011 1852 accepit,

630 1861 708 1900 Hic
737 1861 791 1900 ad
821 1860 977 1901 famam
1008 1863 1169 1902 Bertini
1199 1877 1296 1902 cum
1331 1864 1551 1903 comitibus
1581 1863 1855 1914 QuadenocO,
1891 1863 2015 1915 Inge-

630 1941 754 1976 noco,
776 1927 948 1967 Madoco
968 1928 1180 1982 religionis
1206 1943 1331 1968 causa
1351 1929 1591 1969 advenerat.
1618 1929 1777 1968 Ferunt
1795 1927 2015 1965 Britonum

631 1993 739 2046 regis
775 1992 1023 2032 Judica'ildis
1058 1992 1181 2032 fuisse
1215 1993 1362 2032 filium.
1402 1994 1584 2033 Decessit
1619 2008 1730 2033 anno
1758 1991 1876 2031 DCC
1900 1990 2011 2030 XVI.

632 2057 791 2111 Corpus
820 2056 907 2112 ejus
929 2073 981 2097 ne
1005 2058 1050 2097 in
1070 2059 1376 2098 Normanorum
1398 2059 1610 2098 deveniret
1634 2059 1885 2106 ludibrium,
1915 2056 2016 2095 Ber-

630 2123 782 2163 tiniani
822 2124 875 2162 ad
915 2137 1036 2162 suum
1072 2129 1394 2177 asportaverunt
1439 2125 1690 2163 coenobium.
1732 2123 1818 2163 Sub
1855 2135 2016 2161 annum

632 2189 667 2228 D
694 2188 759 2227 CC
784 2187 937 2237 XVIII,
963 2188 1079 2227 divus
1109 2189 1309 2238 Silvinus,
1334 2203 1532 2242 magnum
1564 2189 1730 2243 pietatis
1757 2187 2011 2240 exemplum,

632 2259 795 2292 naturae
816 2253 1032 2293 concessit.
1065 2252 1211 2292 Patria
1230 2253 1300 2292 hic
1331 2259 1420 2292 erat
1441 2253 1628 2303 Tolosas,
1665 2254 1709 2292 in
1736 2252 1908 2292 Morinis
1937 2253 2018 2292 mi-

631 2318 765 2357 randa
785 2318 937 2357 enituit
955 2317 1172 2371 religione.
1197 2318 1258 2357 Ex
1279 2318 1420 2357 multis
1442 2317 1682 2357 hominibus
1703 2318 1872 2372 spiritus
1894 2315 2017 2372 ejecit

632 2383 882 2423 immundos.
909 2381 1008 2438 Ejus
1034 2382 1303 2437 sepulchrum
1328 2382 1537 2422 Sicchedis
1562 2383 1725 2423 vestalis
1747 2396 1849 2422 auro
1867 2382 2016 2423 celavit

1298 335 2102 379 (242--—-—-——-——---s

2083 335 2101 338 1

2102 338 2121 347 l

2208 342 2224 349 Γ

2192 404 2197 423 0
2182 337 2194 378 :W2

2197 403 2218 502 Nx:
2196 329 2221 381 ’,τερ

2214 396 2225 411 φ
2212 360 2228 381 ιιι
2214 329 2227 345 κε»)
