2372 3082
433 333 1280 390 μὴ
1292 343 1353 382 (93)
1367 329 2263 384 -ᾟΛήὲᾒῑὲἲ

390 400 401 419 ff

2204 377 2260 587 ll

623 569 755 610 Porro
798 564 961 606 accedit
987 570 1030 605 et
1057 564 1140 605 hoc
1169 565 1225 605 ad
1255 565 1603 619 praeeminentem
1633 564 1848 607 Flandriae
1883 565 2025 620 digni·
2055 568 2057 570 ’

622 639 779 683 tatem,
817 631 934 686 quod.
976 631 1022 672 in
1062 631 1325 672 duodenaria
1358 630 1434 670 illa
1468 629 1591 683 regni
1631 629 1853 670 sodalitate
1895 636 2024 685 atque

622 703 802 753 augusto
819 702 989 752 patrum
1010 697 1186 752 collegio
1207 697 1444 738 membrum
1464 697 1677 737 habeatur
1696 697 1887 737 omnium
1908 697 2023 738 anti-

620 765 886 822 quissimum.

677 862 828 918 Coepta
874 874 1061 917 namque
1108 868 1170 903 est
1220 861 1472 903 beneficium
1518 862 1610 902 fieri
1659 861 1865 903 Flandria
1912 875 2025 903 anno

620 926 753 967 divini
788 927 943 967 natalis
988 927 1335 982 octingentesimo
1371 929 1628 983 sexagesimo
1668 928 1873 978 secundo,
1928 942 2026 984 rege

620 992 772 1034 Carolo
809 993 952 1035 Calvo.
992 994 1223 1034 Normania
1258 994 1294 1034 D
1322 994 1458 1036 CCCC
1489 995 1569 1045 IX,
1618 994 1770 1035 Carolo
1805 994 2019 1049 Simplice.

620 1059 871 1114 Burgundia
914 1059 958 1100 M
991 1059 1173 1111 XXXV,
1217 1059 1399 1099 Henrico
1440 1059 1599 1115 Capeto
1610 1090 1621 1109 ,
1666 1058 1856 1112 aliasque
1898 1059 2020 1107 aliae,

622 1125 695 1165 sed
729 1125 854 1178 longe
884 1138 1029 1164 omnes
1057 1129 1151 1178 post
1178 1124 1549 1179 inaugurationem
1574 1122 1803 1163 Flandriae.
1849 1122 1907 1163 Ut
1947 1136 2024 1163 au-

620 1196 706 1231 tem
755 1196 797 1230 et
847 1190 898 1230 de
949 1189 1178 1228 Flandriea
1227 1189 1427 1229 nonnihil
1467 1189 1728 1242 attingamus
1768 1187 2020 1238 nobilitate,

619 1254 770 1294 unicus
798 1254 919 1294 nobis
952 1253 1022 1305 (ut
1052 1253 1194 1307 aiunt)
1225 1259 1287 1294 est
1317 1252 1428 1293 Baro
1461 1267 1588 1308 quem
1619 1256 1794 1302 vocant,
1829 1252 1948 1306 isque
1978 1256 2026 1291 ut

620 1316 767 1358 Comes
797 1318 886 1372 ipse
921 1317 1106 1371 insignia
1148 1332 1317 1371 gerenS,
1358 1320 1545 1361 Leonem
1585 1319 1755 1374 nigrum
1793 1316 1839 1357 in
1876 1331 2025 1373 campo

622 1398 764 1424 aureo.
801 1383 960 1439 Belgioi
982 1397 1168 1438 namque
1201 1385 1418 1441 Principes
1448 1386 1687 1436 Flande‚
1717 1383 1991 1425 Lovaniensis
2010 1414 2022 1433 ‚

620 1450 878 1500 Hollandus,
911 1449 1212 1504 Lcmburgius,
1252 1451 1574 1505 Lucenburgius
1609 1449 1892 1503 nonnullique
1923 1448 2021 1497 alii,

620 1516 880 1571 temporibus
919 1516 1109 1570 Philippi
1139 1517 1310 1567 Elsatii,
1354 1530 1487 1570 quum
1524 1516 1570 1555 in
1612 1514 1776 1570 Syriam
1822 1516 2025 1566 pararent

621 1581 952 1636 expeditionem,
1008 1580 1169 1621 Leones
1218 1596 1296 1636 pro
1339 1581 1578 1635 insignibus
1620 1578 1889 1634 assumpsisse
1933 1583 2024 1618 tra-

622 1646 796 1687 duntur.

678 1752 834 1793 Vetera
861 1757 1003 1793 autem
1035 1752 1066 1792 F
1070 1752 1249 1793 landriae
1278 1753 1461 1808 insignia
1485 1752 1624 1804 fuere,
1656 1752 1830 1793 Soutum
1853 1752 2023 1792 caerulei

624 1816 773 1859 coloris
794 1816 985 1870 quinque
1016 1816 1154 1855 aureis
1174 1816 1445 1858 intersectum
1476 1817 1668 1871 oblongis
1689 1816 1839 1856 areolis
1852 1846 1864 1866 ,
1889 1816 2022 1856 altero

624 1896 754 1938 parvo
774 1881 893 1921 rubri
914 1880 1063 1920 coloris
1084 1880 1130 1920 in
1149 1881 1351 1922 umbilico
1369 1881 1605 1936 refulgente
1623 1885 1740 1920 scuto
1754 1911 1765 1930 ‚
1791 1885 1833 1918 et
1852 1879 1947 1920 haec
1966 1880 2020 1920 ab

623 1945 1010 1989 Ruscinonensibus
1030 1944 1225 1986 feruntur
1244 1953 1438 2001 accepta,
1472 1960 1721 2002 quanquam
1741 1945 1874 2000 magis
1894 1946 2021 1986 incli-

622 2014 700 2053 nat
737 2012 924 2061 animus,
961 2015 1009 2050 ut
1038 2010 1093 2050 ab
1123 2010 1284 2051 Russiis
1315 2025 1365 2052 ac
1390 2011 1582 2067 Cymbris
1610 2011 1677 2052 vel
1705 2010 1844 2065 potius
1874 2010 2020 2064 priscis

621 2077 761 2131 Belgis
795 2089 1009 2116 emanasse
1052 2076 1236 2117 credam„
1270 2075 1321 2116 In
1368 2076 1571 2118 Flandria
1620 2075 1876 2120 Germanica
1919 2089 2020 2116 sena

624 2147 723 2183 sunt
737 2147 879 2183 vetera
894 2141 1014 2195 signa
1028 2143 1232 2183 militaria
1248 2143 1332 2185 sive
1347 2142 1605 2187 familiarum
1620 2141 1825 2197 insignia:
1845 2140 2021 2182 viceco-

624 2209 798 2249 mitatus
827 2207 1084 2261 Gandensis‚
1116 2209 1397 2259 Niveliacum,
1431 2209 1643 2251 Dixmuda
1676 2222 1773 2251 cum
1803 2207 2012 2257 Bemrna,

624 2273 795 2324 Pratta,
822 2273 1063 2314 Haveskerc
1073 2305 1085 2325 ,
1104 2273 1357 2314 Watanum.
1377 2274 1427 2316 In
1449 2274 1614 2317 Gallica
1633 2279 1834 2329 quatuor:
1858 2273 2018 2322 Insula,

625 2337 860 2389 Cisonium,
890 2338 1134 2391 Varinium,
1175 2338 1438 2390 Cominium,
1475 2353 1573 2395 quae
1603 2345 1786 2394 quatuor
1816 2343 2019 2380 vocantur

414 2170 418 2209 1

414 2212 420 2419 ¹
625 2404 715 2462 ejus
743 2412 868 2447 terrae
888 2412 1129 2461 potestates.
1151 2405 1202 2446 In
1220 2404 1451 2448 Dominatu
1469 2421 1569 2449 vero
1600 2405 1753 2466 quina:
1778 2403 2012 2452 Rhodium,
2233 2426 2235 2428 v

2197 2426 2252 2636 t

392 2648 446 2701 {g}
