2372 3082
1833 334 1930 350 *gx*
1944 339 1949 343 «
1973 334 2008 351 552·

385 568 755 617 contemnendum,
784 568 972 608 dissitum
1000 569 1073 609 abs
1102 569 1329 609 Taruenna
1356 572 1537 621 quatuor
1561 565 1779 605 dumtaxat

385 637 553 677 milibus
584 633 858 685 nostratibus,
898 648 948 674 ex
978 635 1131 688 quibus
1160 633 1189 673 9
1223 633 1325 673 facit
1361 632 1629 673 Antoninus:
1666 630 1780 684 quod

384 703 556 758 quidem
597 698 796 753 oppidum
839 712 998 738 summo
1037 698 1279 752 impositum
1328 697 1481 736 montis
1511 695 1639 750 jugo,
1686 707 1780 733 arce

385 773 546 810 vetusta
570 779 620 805 ac
645 763 805 803 duobus
829 770 1034 818 praeterea
1063 769 1260 804 ornatum
1287 762 1548 803 sacerdotum
1571 758 1777 811 collegiis,

384 833 549 874 tametsi
565 829 776 884 frequenti
794 829 920 868 etiam
936 844 1050 869 nunc
1066 830 1226 869 cultum
1242 828 1503 875 habitatore,
1523 824 1624 863 olim
1640 828 1783 862 tamen

385 904 475 939 erat
506 898 572 950 (ut
599 894 806 947 referunt)
830 894 953 948 longe
979 893 1114 949 majus
1134 908 1184 933 ac
1208 893 1383 933 firmius.
1409 889 1511 945 Ejus
1531 889 1617 928 late
1635 892 1783 942 patent

383 964 504 1011 fines,
529 974 579 1000 ac
593 959 830 1015 jurisdictio
851 959 951 999 vicis
975 965 1017 998 et
1036 960 1154 1012 pagis
1178 959 1368 998 celebris.
1397 955 1509 1009 Ager
1530 954 1665 994 omnis
1687 967 1783 993 cum

383 1026 528 1081 primis
564 1024 710 1077 optimi
745 1022 893 1063 fertilis
932 1023 1091 1073 tritici,
1131 1024 1248 1077 equis
1267 1053 1278 1072 ,
1323 1021 1547 1070 armentis,
1586 1019 1782 1073 gregibus

383 1090 589 1143 locupleS‚
626 1088 714 1127 lino
749 1087 991 1137 abundans,
1029 1088 1269 1127 nemoribus
1302 1093 1431 1140 atque
1466 1083 1649 1125 arbustis
1687 1096 1783 1122 sua-

384 1155 559 1195 vissimis
588 1153 792 1203 consitus,
815 1153 1071 1192 torrentibus
1096 1166 1146 1192 ac
1170 1152 1314 1191 rivulis
1337 1151 1458 1191 laetus
1471 1181 1482 1201 ,
1500 1149 1617 1189 haud
1639 1149 1783 1203 paucis

385 1234 572 1260 amoenus
614 1218 801 1273 pascuiS,
840 1218 1049 1271 variisque
1091 1230 1311 1271 pomorum
1350 1215 1571 1269 generibus
1613 1214 1778 1268 plenuS.

385 1285 569 1339 Populus
598 1284 823 1332 humanus,
856 1282 1088 1336 hospitalis,
1112 1281 1270 1330 cultus,
1296 1280 1487 1334 pulcher,
1512 1278 1624 1332 pius,
1647 1277 1782 1331 dives,

385 1348 523 1399 ferox,
562 1354 773 1396 strenuus,
808 1347 1011 1401 fortisque
1045 1361 1121 1401 pro
1153 1347 1314 1400 patria,
1348 1359 1520 1400 parcus,
1559 1343 1781 1397 providus,

385 1415 603 1462 sollicitus,
632 1413 880 1461 industrius,
920 1418 1052 1452 catus.
1086 1412 1245 1451 Horum
1270 1411 1398 1451 vicini
1426 1415 1524 1450 sunt
1549 1408 1783 1462 Belgiolani

384 1478 568 1534 ejusdem
598 1478 769 1517 omnino
800 1478 962 1530 generis
972 1508 983 1527 ,
1012 1477 1157 1517 iisdem
1186 1476 1272 1517 fere
1302 1477 1485 1517 viventes
1518 1473 1703 1514 moribus
1735 1485 1784 1512 ac

383 1542 603 1592 institutis,
644 1541 826 1582 lanificio
869 1548 910 1582 et
945 1542 1214 1596 agriculturae
1249 1541 1429 1581 maxime
1477 1540 1645 1580 intenti.
1698 1539 1783 1579 Sub

386 1609 717 1648 castellanorum
747 1607 847 1647 item
880 1608 1055 1661 imperio
1080 1606 1204 1646 fuisse
1230 1606 1436 1646 credimus
1462 1618 1630 1645 omnem
1667 1617 1783 1643 oram

387 1674 660 1721 maritimam,
698 1672 772 1711 ubi
806 1686 920 1711 nunc
954 1671 1247 1724 Bmgburgus,
1281 1669 1570 1723 Gravelingia,
1609 1669 1784 1722 Bergia-

388 1753 482 1778 cum
501 1770 512 1787 ,
551 1737 809 1777 Dunckerck
848 1751 944 1776 cum
992 1735 1244 1775 Mardiciaco
1294 1735 1422 1773 veteri
1472 1739 1597 1787 portu
1652 1732 1784 1772 ruinis

387 1804 589 1857 collapso,
614 1801 713 1842 ortis
743 1815 827 1840 non
856 1800 1003 1855 procul
1033 1800 1149 1840 novis
1170 1799 1376 1853 portubus
1401 1812 1425 1838 a
1454 1798 1714 1838 Dunckerck
1744 1803 1785 1837 et

387 1867 670 1920 Gravelingia.
725 1864 931 1905 Caeterum
972 1869 1239 1918 supernatem
1286 1863 1532 1903 Flandriam
1550 1894 1560 1913 ,
1610 1862 1655 1901 in
1701 1875 1786 1916 qua

387 1933 678 1973 Corturiacum
702 1931 1036 1984 Gandavumque
1057 1930 1284 1984 praecipuae
1304 1927 1521 1970 vetustatis
1547 1927 1660 1976 loca,
1685 1931 1784 1966 ante

386 1999 692 2039 Germanorum
723 1999 948 2038 adventum
978 1997 1134 2037 Nerviis
1169 1995 1355 2050 paruisse
1385 1999 1602 2048 putamus,
1637 2005 1785 2045 quem-

387 2064 613 2104 admodum
644 2078 758 2103 nunc
788 2063 1043 2103 Tornacensi
1076 2060 1368 2115 complectitur
1404 2057 1588 2099 diocoesi,
1626 2056 1786 2095 Ferunt

387 2129 457 2168 hic
486 2136 653 2183 portum
687 2131 786 2169 olim
822 2128 946 2168 fuisse
980 2126 1140 2167 Nerviis
1180 2124 1373 2164 omnibus
1408 2134 1698 2168 communem,
1738 2134 1786 2158 eo

389 2193 474 2233 fere
493 2200 632 2234 tractu
654 2195 725 2234 ubi
748 2208 861 2234 nunc
887 2193 1027 2241 Slusa,
1056 2192 1273 2230 incensum
1295 2188 1348 2228 ab
1380 2186 1586 2228 Ariovisto
1612 2185 1786 2225 Germa-

390 2274 539 2299 norum
569 2275 680 2314 rege.
723 2259 932 2312 Plaerique
963 2255 1211 2297 Gandavum
1247 2253 1371 2293 fuisse
1404 2252 1551 2292 volunt
1591 2250 1784 2290 Gesoria-

391 2340 485 2364 cum
516 2326 684 2374 navale,
717 2325 799 2365 hac
828 2325 872 2363 in
913 2328 1030 2378 parto
1060 2320 1289 2360 Ptolomaeo
1322 2319 1525 2367 locatum,
1560 2329 1645 2370 qua
1684 2327 1783 2354 sanc

392 2390 435 2428 in
466 2404 510 2429 re
540 2389 620 2428 nisi
649 2389 941 2443 probaverint,
982 2401 1065 2426 non
1094 2386 1226 2426 ausim
1257 2385 1355 2438 ipsis
1377 2382 1650 2424 subscribere.
1678 2380 1784 2419 Sunt
