2372 3082
372 566 598 606 maximam
617 566 814 607 vestalem
834 567 1117 609 Rumesiensis
1143 568 1344 619 coenobii,
1369 560 1765 609 eandem'cemitem*
1966 614 1970 631 ι

169 604 174 684 f
371 632 573 672 Bononiae
603 645 652 671 ac
682 630 914 682 Moritonii,
953 632 1188 687 Anglorum
1223 635 1332 687 regis
1366 629 1569 688 Stephani
1603 627 1760 682 filiam,
1966 634 1969 672 Ι

168 685 172 796 ἐ
371 696 607 749 habuitque
641 696 740 735 inde
776 697 928 737 liberos
963 697 1083 737 idam
1116 692 1167 737 ξαρ
1206 698 1486 747 mathildem‚·
1513 694 1681 737 dehinc·
1711 697 1765 737 ob
1966 694 1969 712 ¹

168 798 172 834 ι
373 760 649 801 sacerdotium
675 767 845 801 coaetus
866 776 957 802 eam
979 763 1203 814 dimittere,
1237 763 1357 803 duxit
1371 762 1608 803 ‘Leonoram
1637 762 1767 802 filiam
1965 768 1969 794 1

167 836 171 885 1
372 824 590 879 Radulphi
620 825 782 865 comitis
811 826 1226 879 Veromanduorum,
1261 829 1331 869 sed
1361 833 1495 868 morte
1524 828 1640 882 prius
1671 842 1767 882 pre·
1965 820 1969 889 ξ

167 887 171 930 Ι
372 896 517 931 ventus
527 896 588 930 est
597 904 725 944 quam
743 892 972 946 quicquam
988 908 1038 932 ex
1052 893 1134 935 hac
1149 888 1383 934 sustolleret
1391 887 1635 933 liberorum.
1648 892 1767 932 Filiae
1966 893 1969 943 1

372 955 460 1011 ejus
490 956 578 995 ldae
611 955 815 995 Bononiae
850 958 1148 1012 Meritoniique
1185 959 1328 999 comiti
1363 959 1548 1013 primum
1592 959 1767 999 maritus
1967 944 1969 1023 Ξ

374 1019 456 1059 fuit
471 1034 605 1059 comes
621 1018 804 1058 Geldriae
820 1019 1046 1071 Gerardus,
1065 1036 1162 1061 mox
1176 1022 1431 1076 Bertulphus
1446 1023 1532 1062 dux
1545 1018 1763 1077 Sarfflgiae,

322 1075 325 1078 ’
374 1085 428 1124 ad
465 1090 716 1138 postremum
762 1084 1023 1138 Reginaldus
1065 1100 1201 1126 comes
1243 1085 1378 1126 Castri
1418 1080 1611 1136 Martini,
1654 1082 1767 1126 unde

374 1154 466 1188 orta
488 1149 639 1198 Maria,
659 1147 876 1203 Phiiippo,
898 1151 1146 1203 cognomine
1166 1150 1352 1200 Hirsuto,
1376 1146 1565 1205 Philippi
1580 1150 1766 1191 Franco*-

370 1227 464 1252 rum
493 1214 600 1267 regis
631 1213 743 1264 filio,
778 1221 926 1269 nupta.

428 1279 645 1319 Mathildis
673 1294 790 1331 vero,
821 1281 908 1320 Idae
937 1296 1073 1331 soror,
1106 1282 1258 1335 nuptui
1288 1282 1389 1322 data
1412 1282 1593 1322 Henrico
1623 1282 1766 1321 comiti

370 1344 620 1385 Lovaniensi
630 1376 641 1395 ,
670 1346 809 1385 sobole
830 1359 925 1385 eum
946 1346 1064 1386 auxit
1083 1360 1180 1385 cum
1200 1346 1345 1400 primis
1365 1345 1493 1386 foelici
1513 1341 1740 1386 Henricum
1751 1377 1762 1395 ‚

369 1410 565 1460 Mariam,
588 1410 919 1465 Mathildemque
940 1412 1077 1451 enixa.
1104 1405 1251 1452 Petrus
1270 1411 1520 1452 Theoderici
1539 1410 1664 1461 filius,
1689 1405 1766 1450 n0-'

369 1475 552 1514 minatus
568 1476 783 1530 episcopus
804 1476 1165 1517 Cameracensium
1176 1507 1187 1526 ,
1221 1471 1370 1517 relicta
1388 1476 1506 1517 haud
1521 1476 1768 1530 multo'post

371 1540 591 1589 electione,
616 1542 778 1595 accepit
796 1542 842 1581 in
863 1542 1179 1582 matrimonium
1200 1541 1436 1582 Leonoram
1459 1535 1650 1582 Matthaei
1679 1539 1766 1580 fra*

370 1606 444 1645 tris
467 1605 652 1645 defuncti
677 1604 916 1661 conjugem,
942 1621 991 1646 ex
1012 1621 1098 1660 qua
1117 1607 1244 1646 unica
1263 1612 1455 1661 suscepta
1470 1607 1560 1647 filia
1575 1605 1762 1645 decessit.

371 1670 431 1710 De
446 1671 675 1724 Margarita
691 1685 787 1725 quae
803 1686 939 1712 comes
959 1673 1186 1713 Flandriea
1204 1674 1347 1724 evasit,
1366 1688 1439 1714 suo
1455 1674 1639 1713 dicemus
1655 1672 1762 1711 loco.

430 1735 682 1777 Gertrudem
731 1737 877 1777 Elsatii
922 1737 1051 1777 filiam
1100 1739 1285 1792 primum
1339 1740 1545 1780 elocatam
1598 1735 1761 1791 reperio

371 1800 596 1840 Lamberto
621 1802 762 1841 comiti
787 1802 939 1842 Montis
966 1802 1105 1856 Arg-ii,
1132 1803 1231 1844 inde
1251 1803 1412 1858 Ugoni,
1447 1810 1521 1845 aut
1554 1800 1767 1858 (quando-

373 1880 455 1920 que
488 1867 671 1921 variant)
707 1867 880 1907 Thomae
928 1867 1115 1922 Oysiensi
1151 1868 1512 1909 Cameracensium
1548 1867 1765 1923 praefecto,

372 1931 554 1984 denique
577 1939 742 1987 sumpto
767 1946 884 1972 sacro
910 1933 1019 1982 velo,
1046 1933 1370 1973 Mescinensibus
1390 1935 1660 1988 praepositam
1680 1935 1764 1974 vir-

373 1997 553 2049 ginibus.
600 1997 707 2036 Sunt
743 1997 815 2051 qui
853 1997 1086 2037 Gerardum
1123 1998 1353 2038 antistitem
1394 1998 1502 2038 Fani
1537 1999 1764 2040 Donatiani

373 2060 615 2113 Brugenffls,
659 2064 768 2102 inter
806 2063 1053 2102 Theodorioi
1095 2070 1376 2103 annumerent
1415 2065 1589 2112 liberm,
1633 2063 1766 2103 Noth-

374 2139 516 2178 gerum
549 2140 716 2181 quoque
746 2129 996 2167 canonicum
1028 2128 1319 2179 Leodiensem,
1357 2129 1475 2186 cujus
1511 2129 1613 2169 facit
1647 2144 1765 2169 men-

374 2190 529 2230 tionem
566 2192 829 2243 placentius,
864 2194 997 2234 filium
1032 2195 1280 2235 Theodorici
1311 2194 1434 2235 fuisse
1463 2196 1665 2236 existimo.
1965 2205 1970 2408 Ι

432 2254 651 2310 Philippus
680 2257 858 2298 Elsatius
887 2259 1132 2300 Theoderici
1162 2260 1271 2299 filius
1299 2266 1403 2300 natu
1439 2260 1643 2300 maximus
1680 2275 1763 2301 uno

376 2323 503 2372 atque
524 2321 654 2361 altero
672 2322 843 2363 infoeliei
859 2324 1091 2373 connubio,
1112 2325 1272 2364 nullam
1296 2325 1373 2364 sibi
1400 2325 1562 2366 suffecit
1584 2328 1758 2381 prolem.

375 2383 628 2426 Elisabetam
663 2386 889 2441 Rodulpho
918 2387 1212 2429 Veromanduo
1242 2389 1392 2429 comite
1422 2397 1556 2430 ortam
1588 2405 1637 2431 ac
1672 2392 1762 2431 Ma-

143 2466 184 2598 1

143 2617 150 2624 .
184 2617 272 2628 '³0:2⁵
1939 2608 1992 2625 4,Ἆ,(»
