2372 3082
120 340 1979 407 ξᾟψοέξὲψὲἓ-[ἓ-ἓ--εθπὲ-ῌ-ψ-ἤ-ξξξωξ

122 452 144 528 s
1923 439 1966 544 s(

353 583 469 625 fuere
496 599 521 624 a
555 578 775 632 mandria,
807 579 1062 634 compescuit
1092 591 1260 617 suorum
1291 580 1519 631 praetorum
1549 587 1598 614 ac
1622 572 1741 630 judi·
1937 494 1955 606 ὃ

353 665 449 691 cum
488 650 655 690 nocivas
689 661 816 688 noxas
861 646 1008 686 Comes
1051 643 1226 685 decretis
1265 657 1316 682 ac
1353 640 1523 696 judiciis
1565 639 1741 681 Patrum

352 716 542 770 quinque
592 715 832 763 civitatum,
882 712 956 766 qui
1001 716 1124 751 erant
1168 709 1434 756 (hamenses,
1482 706 1737 759 Erugenses,

352 780 606 835 Hyprenses,
631 778 840 828 Insulani,
873 782 915 816 et
944 776 1198 824 nawense-s,
1223 774 1351 827 idque
1380 786 1456 827 per
1477 771 1742 825 privil—egium

353 860 593 886 concessum
622 846 675 886 alu
705 843 913 884 Baiduino
942 842 1225 891 Hancniensi,
1259 845 1379 894 patre
1409 838 1606 878 Balduini
1632 836 1743 878 Con-

354 910 717 965 stantinopolitani
729 941 739 960 ,
759 914 886 963 atque
907 908 960 948 ab
986 907 1178 948 Guidone
1201 908 1431 960 Dampetra
1450 903 1743 944 (laudensibus

355 976 650 1017 confirmatum
659 1009 671 1028 ,
708 977 806 1016 inde
846 975 920 1015 uhi
953 975 1097 1015 Insula
1130 989 1180 1014 ac
1219 974 1408 1012 Duacum
1444 970 1659 1010 cessissent
1697 970 1743 1010 in

354 1048 601 1096 potestatem
645 1041 752 1095 regis
793 1041 1074 1091 Francorum,
1123 1046 1226 1079 tunc
1277 1038 1310 1077 si
1355 1036 1458 1090 quid
1503 1043 1744 1089 peceassent

353 1112 532 1146 rectores
559 1107 688 1147 trium
719 1106 936 1147 civitatum
972 1104 1280 1153 Gandmasium,
1315 1100 1614 1154 Brugensium,
1654 1099 1741 1155 Hy·-

353 1173 595 1227 prensium,
633 1174 684 1214 de
718 1173 926 1213 sententia
966 1172 1029 1212 sui
1069 1170 1232 1211 consilii
1268 1168 1462 1224 princeps
1497 1166 1738 1217 mulctavit,

354 1238 523 1280 intactis
567 1253 710 1279 eorum
751 1238 982 1278 sententiis.
1026 1237 1186 1277 Harum
1237 1247 1406 1274 causam
1445 1231 1745 1286 praerogativa-

356 1317 450 1344 rum
466 1304 590 1344 fuisse
611 1308 846 1343 memorant
865 1301 1163 1343 illustrissimos
1178 1299 1204 1338 J
1208 1298 1368 1339 udithae
1388 1296 1544 1349 reginae
1566 1296 1742 1346 natales,

357 1382 487 1422 quam
509 1369 685 1409 Flandri
707 1368 821 1423 quod
841 1381 891 1407 ex
910 1367 1038 1421 stirpe
1059 1364 1221 1420 generis
1243 1361 1383 1403 Caroli
1405 1359 1549 1413 Magni
1571 1359 1748 1399 haberet

357 1435 581 1488 originem,
635 1435 790 1474 mirum
841 1437 1004 1487 quanta
1052 1431 1247 1471 colebant
1300 1425 1579 1468 observantia.
1627 1424 1748 1465 Hanc

358 1505 535 1554 nuptam
565 1499 775 1540 Balduino
807 1498 960 1538 Ferreo
989 1496 1103 1550 regio
1140 1494 1284 1535 omnia
1321 1507 1435 1532 more
1470 1491 1744 1545 gubernasse,

360 1565 650 1619 accepisseque
684 1578 710 1604 a
748 1568 868 1618 patre
904 1561 1053 1601 Carolo
1086 1559 1214 1601 Calvo
1248 1557 1495 1599 Flandriam
1526 1556 1572 1595 in
1608 1555 1748 1595 dotem

360 1645 476 1671 suam
513 1629 814 1686 profectitiam,
852 1626 999 1667 eadem
1033 1624 1121 1666 fere
1152 1638 1237 1679 qua
1266 1629 1386 1678 pater
1420 1637 1493 1662 rex
1522 1622 1749 1662 tenendam

360 1697 555 1738 libertate
565 1712 575 1747 3
608 1695 837 1744 Flandros,
870 1692 1053 1734 validam
1084 1704 1134 1730 ac
1164 1689 1345 1729 ferocem
1366 1693 1553 1742 gentem,
1578 1687 1751 1727 liberta-

360 1767 446 1802 tem
484 1762 598 1802 hanc
633 1774 682 1799 ac
724 1757 1026 1813 praerogativas
1071 1755 1197 1795 semel
1240 1759 1452 1807 acceptas,
1501 1759 1668 1793 strenue
1703 1767 1753 1792 ac

361 1827 526 1867 fortiter
556 1831 732 1874 tutatos,
767 1822 870 1862 adeo
900 1826 948 1860 ut
977 1821 1104 1874 longa
1131 1823 1339 1859 vetustate
1370 1832 1419 1857 ac
1447 1818 1624 1872 probata
1653 1831 1754 1856 con-

362 1892 581 1932 suetudine
624 1893 825 1937 servataS,
872 1885 1045 1926 tandem
1081 1897 1130 1923 eo
1165 1887 1358 1922 tenerent
1387 1881 1509 1938 jure,
1548 1895 1633 1935 quo
1680 1881 1754 1935 qui

363 1957 536 2012 optimo.
579 1953 794 2009 Siquidem
837 1957 991 2007 praeter
1031 1950 1140 2004 ipsas
1181 1953 1546 2002 propugnatorum
1586 1961 1755 1987 suorum

364 2023 492 2073 vires,
531 2021 591 2061 ita
626 2019 811 2059 naturali
843 2033 916 2059 suo
947 2018 1029 2058 situ
1060 2015 1223 2055 munita
1252 2020 1312 2054 est
1341 2014 1560 2064 Flandria‚
1594 2019 1642 2053 ut
1670 2027 1755 2052 non

367 2085 488 2125 facile
517 2084 723 2138 equitatui
753 2088 916 2138 pateat,
948 2080 1117 2121 declivis
1145 2093 1301 2133 magna
1321 2093 1370 2119 ex
1390 2085 1511 2133 parte
1531 2078 1752 2132 palustris,

367 2163 475 2204 saepe
500 2147 697 2187 laborans
718 2160 926 2200 aquarum
947 2145 1073 2184 etiam
1094 2145 1281 2185 dulcium
1307 2145 1618 2198 magnitudine,
1643 2143 1757 2198 quod

368 2215 537 2270 quidem
572 2213 653 2252 hac
686 2212 856 2266 hyeme,
884 2212 1108 2265 plusquam
1143 2211 1241 2251 satis
1285 2217 1364 2261 est,
1404 2224 1544 2250 sumus
1578 2208 1752 2263 experti.

366 2279 520 2320 Franci
546 2276 638 2333 jam
673 2277 770 2317 inde
801 2277 855 2316 ab
889 2290 1029 2316 rerum
1064 2275 1278 2330 primodiis
1308 2289 1470 2316 summa
1504 2289 1582 2330 ope
1617 2273 1757 2313 conati

369 2351 466 2386 sunt
485 2344 689 2385 Flandros
713 2343 789 2390 sub
811 2356 931 2388 suum
952 2356 1099 2396 cogere
1130 2342 1371 2396 imperium,
1396 2346 1524 2395 atque
1545 2340 1600 2381 ad
1620 2338 1754 2379 Galli-

137 2444 193 2647 Q
370 2426 437 2451 eos
472 2410 689 2450 traducere
724 2422 879 2458 mores,
921 2407 991 2447 sed
1030 2407 1114 2447 voti
1149 2412 1358 2462 compotes
1394 2419 1480 2446 non
1515 2409 1748 2445 evaserunt.

140 2646 1726 2704 ffQ-——ff—„ffl
1742 2635 1953 2689 [ἓξὲ
