2372 3082
1288 325 1296 362 (
1303 308 2242 374 50)—————-————*Q5{}{{

2223 385 2237 408 ἡ

603 546 766 586 comitis
795 545 998 585 Bononiae
1017 545 1170 594 filiam,
1195 544 1267 584 sed
1287 544 1407 584 nulla
1428 544 1557 583 aedita
1576 543 1716 584 sobole
1728 574 1739 593 ,
1763 545 1874 586 bello
1895 547 2002 589 Nor·
2051 564 2054 566 ·

603 611 770 651 manico
809 610 1074 662 vulneratus,
1119 610 1247 650 finem
1278 609 1446 651 vivendi
1481 608 1601 659 fecit,
1640 609 1790 650 Carolo
1826 613 2004 654 amitino

602 676 730 731 regiae
760 676 976 717 Danorum
1012 676 1177 731 stirpis,
1220 676 1468 716 comitatum
1500 675 1714 715 Flandriae
1750 689 1825 729 per
1855 692 2004 720 manus

394 758 401 1068 x
601 742 789 782 tradens,
824 740 964 782 Caroli
995 756 1100 782 uxor
1130 747 1222 782 erat
1249 740 1515 781 Zuanihildis
1527 772 1538 791 ,
1564 754 1663 795 quae
1685 746 1727 780 et
1746 740 2001 796 Margarita,

602 806 831 861 Reginaldi
861 805 1181 847 Claromontani
1214 806 1377 845 comitis
1404 805 1513 855 filia,
1537 806 1695 846 nullius
1716 821 1764 846 ex
1785 821 1834 847 eo
1855 808 2007 850 sobolis

603 877 753 912 mater.
785 870 886 911 Post
916 886 1043 926 quem
1069 871 1221 925 Brugis
1250 871 1305 911 ab
1333 870 1619 912 Stratensibus
1645 886 1721 926 per
1741 874 1874 914 scelus
1895 876 2008 916 occi-

603 952 718 989 sum,
743 937 799 978 ad.
819 936 1076 977 Guilelmum
1098 936 1340 977 Normaniae
1370 937 1520 977 ducem
1544 936 1721 979 Robcrti
1741 938 1896 991 filium,
1922 955 2007 995 quo

598 1005 720 1062 jure,
745 1018 917 1059 quaque
938 1002 1097 1059 injuria
1116 1017 1183 1042 res
1202 1003 1345 1043 delata
1375 1008 1451 1042 cst.

662 1070 742 1110 Hic
778 1068 1049 1119 Mafflildem,
1082 1068 1245 1108 comitis
1277 1068 1490 1109 Flanclriae
1521 1067 1721 1109 Balduini
1751 1070 1817 1110 Pii
1851 1070 2004 1121 filiam,

605 1136 745 1176 aviam
767 1135 906 1176 ciebat
921 1140 1163 1190 paternam,
1187 1133 1334 1179 Adelae
1349 1135 1509 1189 reginae
1524 1135 1784 1176 Francorum
1800 1149 2001 1186 sororem,

399 1211 404 1258 ,ξ
605 1202 799 1244 Umberti
830 1201 1098 1242 Mauritianae
1118 1200 1281 1240 comitis
1309 1200 1441 1240 filiam
1467 1201 1657 1254 (Joanna
1686 1214 1841 1240 nomen
1872 1202 2005 1255 erat),

605 1268 650 1308 in
688 1267 959 1308 matrimonio
999 1266 1165 1307 habuit.
1214 1267 1324 1306 Dum
1363 1266 1673 1307 Theodmicurn
1716 1265 1923 1305 Elsatium
1961 1266 2008 1305 in

602 1333 763 1388 oppido
795 1332 939 1373 Alosto
967 1333 1150 1383 obsidet,
1190 1334 1344 1387 sagitta
1372 1333 1480 1373 ictus
1508 1332 1679 1382 cecidit,
1712 1331 1831 1371 nulla
1860 1331 2008 1371 relicta

605 1398 741 1451 prole.
789 1397 1071 1438 Theodorious
1115 1398 1299 1438 Elsatius
1348 1398 1510 1437 comitis
1550 1396 1722 1437 Elsatiae
1756 1395 2008 1436 Theoderici

607 1462 718 1516 filius
731 1493 742 1512 ,
762 1463 891 1502 ducta
910 1478 1039 1503 uxore
1060 1463 1315 1504 Ziiaiiihilde
1335 1463 1476 1504 Caroli
1495 1463 1615 1512 caesi,
1639 1463 1739 1502 tulit
1760 1462 1927 1501 unicam
1959 1476 2009 1501 ex

610 1542 660 1567 ea
695 1527 826 1568 filiam
861 1528 1154 1580 Laurentiam,
1194 1543 1292 1583 quae
1328 1529 1511 1584 primum
1547 1529 1643 1569 duci
1680 1527 2003 1582 Lemburgensi,

610 1594 764 1646 dehinc
785 1589 896 1634 facto
916 1608 1012 1634 cum
1032 1594 1104 1633 illo
1129 1599 1300 1649 propter
1325 1594 1619 1648 cognationem
1640 1593 1838 1642 divortio,
1864 1592 2007 1632 comiti

608 1660 820 1701 Alostensi
863 1659 1004 1709 Ivoni,
1041 1660 1212 1699 tertium
1262 1660 1445 1700 Henrico
1482 1659 1624 1699 comiti
1659 1657 2008 1698 Namurcensium

612 1726 773 1779 nupsit,
797 1725 1055 1779 reliquitque
1074 1739 1122 1764 ex
1143 1725 1269 1765 Ivone
1299 1724 1507 1764 Alostensi
1528 1723 1835 1763 Theodoricum
1856 1721 2008 1761 Rever-

406 1811 410 1836 χ
612 1791 825 1845 nensium,
850 1790 1115 1844 eundemque
1138 1789 1516 1829 Dixinundensium
1538 1789 1771 1828 dominum.
1797 1786 2007 1827 Defunota

406 1837 411 1926 ι
614 1854 867 1914 Zuanihilde
910 1855 1029 1894 duxit
1077 1855 1361 1895 Theodoricus
1410 1854 1613 1909 Sibyllam
1659 1853 2006 1906 Andegavensem

407 1929 411 1979 ζ
537 1975 541 1977 Δ
612 1922 808 1973 Fulconis
845 1920 1160 1975 Andegavensis
1200 1921 1584 1976 Hierosolymorum
1619 1919 1727 1972 regis
1761 1918 1909 1958 filiam.

408 1981 412 2128 ι
616 2027 622 2028 ff
670 1987 732 2027 Eo
754 1986 1021 2044 matrimonio
1041 1987 1303 2027 intervenere
1327 1986 1451 2026 liberi
1477 1984 1730 2033 Balduinus‚
1758 1982 2001 2037 Philippus,

411 2297 416 2397 ἶ

614 2052 859 2103 Matthaeus,
882 2050 1051 2101 Petrus,
1075 2065 1125 2090 ac
1154 2065 1272 2104 sexus
1302 2051 1474 2091 alterius
1502 2049 1731 2104 Margarita
1759 2054 1801 2087 et
1829 2046 2006 2087 Gertru-

616 2119 692 2159 dis.
716 2112 766 2157 In
788 2118 836 2157 iis
857 2117 1090 2157 Balcluinus
1110 2118 1269 2171 primus
1290 2123 1396 2156 natu
1416 2130 1512 2156 cum
1531 2129 1647 2155 sacro
1668 2128 1709 2154 se
1725 2113 1904 2153 dicasset
1925 2127 2009 2152 coe—

615 2185 762 2234 nobio‚
788 2183 872 2222 divi
895 2173 1110 2222 Benedicti
1132 2182 1339 2236 professus
1360 2183 1621 2231 institutum,
1651 2182 1697 2221 in
1729 2180 2010 2220 adolescentia

615 2251 721 2301 obiit
740 2254 931 2289 mortem.
964 2248 1165 2288 Nonnulli
1191 2249 1306 2289 hunc
1331 2248 1590 2289 Morinorum
1622 2248 1746 2287 fuisse
1773 2250 2008 2285 memorant

616 2315 890 2369 Episcopum,
940 2328 1043 2369 quos
1086 2315 1204 2369 sequi
1243 2321 1345 2369 puto
1385 2314 1706 2356 commentarios
1746 2312 1862 2353 haud
1909 2311 2007 2351 satis

618 2379 830 2434 probatos.
868 2371 1337 2435 Matthaeussprincipio
1372 2381 1450 2420 sibi
1489 2380 1611 2420 thoro
1641 2377 1785 2435 junxit
1829 2377 2008 2419 Mariam

388 2651 417 2669 ’.π’
422 2646 487 2667 OQ&
