2372 3082
358 317 626 372 {aege-&32⁸
636 315 2218 370 —-—-———-(⁴)—-—-—·-——sf§mw³ffi

2168 369 2222 402 5»ng

2168 390 2223 489 w

591 556 666 610 qui
697 552 955 594 Pleumosios
988 550 1113 590 fuisse
1146 565 1214 591 eos
1234 551 1501 600 existimant,
1537 551 1612 604 qui
1642 563 1665 590 a
1699 548 1903 591 Gandavo
1935 551 1989 590 ad

589 619 865 660 Brabantiam
885 623 1080 671 vergunt,
1112 617 1332 658 Gordunos
1355 616 1669 663 CortracenseS‚
1694 614 1872 655 Grudios
1892 630 1987 657 vero

589 685 836 739 Brugienses
845 699 856 735 3
886 689 1084 723 caeterum
1116 683 1167 723 de
1191 683 1257 722 his
1279 683 1387 722 nihil
1411 682 1548 722 habeo
1579 679 1696 720 certi.
1736 678 1797 718 De
1820 681 1989 720 nomine

590 757 732 791 autem
760 750 995 800 Flandriae,
1024 755 1166 789 utrum
1194 748 1349 788 Latina
1377 753 1525 787 natum
1560 746 1613 785 sit
1642 758 1760 794 voce,
1800 758 1855 783 an
1886 745 1990 784 Ger-

590 816 759 856 manica
786 815 985 870 hystorici
1011 819 1194 863 certant,
1219 819 1260 852 et
1285 813 1425 852 adhuc
1449 813 1526 852 sub
1542 811 1686 867 judice
1711 811 1761 849 lis
1791 816 1851 849 est
1859 825 1870 860 3
1901 811 1991 850 aliis

590 879 839 934 putantibus
868 880 992 919 fuisse
1019 879 1102 919 hoc
1135 884 1274 918 nostro
1305 878 1350 918 in
1380 878 1540 927 littore,
1576 876 1891 917 dominantibus
1922 875 1992 915 hic

590 944 817 994 Romanis,
867 945 1065 999 quaedam
1105 944 1199 983 loca
1232 943 1452 992 Flandria,
1497 956 1568 982 seu
1602 947 1734 982 terras
1772 940 1992 981 Flandrias

590 1010 645 1049 ab
676 1015 897 1049 ventorum
922 1008 1093 1049 flatibus
1121 1009 1182 1047 ita
1212 1008 1344 1048 dictas
1352 1039 1364 1058 ,
1395 1009 1642 1061 accolasque
1671 1007 1773 1046 hinc
1799 1005 1992 1045 Flanter-

589 1087 714 1115 ranos
756 1087 828 1113 seu
872 1073 1205 1122 Flanterrenses,
1255 1086 1341 1126 qua
1382 1073 1428 1112 in
1474 1072 1671 1126 opinione
1707 1078 1806 1112 sunt
1832 1070 1991 1111 Alden-

589 1139 815 1193 burgenses
846 1138 1067 1177 coenobitae
1094 1138 1139 1176 in
1166 1138 1337 1191 regestis
1368 1144 1409 1177 et
1434 1138 1537 1177 actis
1570 1138 1633 1177 sui
1668 1137 1861 1178 coenobii.
1907 1136 1992 1177 Alii

590 1204 644 1244 ab
665 1203 909 1243 Pleumosiis
931 1203 1162 1242 derivatum
1184 1203 1332 1242 volunt
1346 1203 1377 1242 F
1382 1204 1626 1243 landrorum
1644 1217 1812 1242 nomen.
1834 1203 1992 1243 Verum

590 1270 639 1320 ii,
666 1275 809 1309 utrum
839 1268 926 1307 sola
947 1267 1168 1307 literarum
1188 1267 1422 1318 vicinitate,
1448 1281 1504 1307 an
1523 1267 1608 1307 alia
1628 1267 1829 1321 quapiam
1850 1268 1993 1307 nitan-

590 1340 661 1374 tur
684 1334 848 1374 ratione
873 1332 1179 1373 authoritateve
1200 1332 1316 1372 haud
1340 1332 1463 1372 facile
1487 1333 1677 1372 dixerim.
1708 1333 1921 1374 Hactenus
1943 1334 1993 1374 de

591 1398 737 1439 Gallis.
765 1398 826 1438 De
852 1397 1074 1439 Germanis
1095 1404 1235 1439 autem
1260 1398 1342 1438 hoc
1370 1398 1646 1438 certissimum
1671 1404 1754 1449 est,
1792 1398 1992 1438 Rhenum

591 1477 877 1518 saepenumero
903 1464 1003 1503 olim
1027 1469 1303 1518 transgressos
1324 1477 1545 1517 occupasse
1565 1462 1659 1502 haec
1684 1463 1826 1503 omnia
1851 1470 1994 1503 nostra

591 1530 702 1580 loca,
732 1535 861 1584 atque
888 1530 988 1569 inde
1017 1529 1201 1568 maxima
1221 1544 1271 1569 ex
1295 1535 1416 1583 parte
1438 1528 1580 1569 Gallos
1609 1528 1832 1583 expulisse,
1862 1528 1993 1568 Flan-

592 1595 772 1648 drosque
802 1608 945 1634 omnes
976 1594 1030 1634 ab
1058 1594 1123 1633 his
1153 1601 1400 1649 prognatos,
1432 1593 1506 1648 qui
1530 1593 1647 1632 haud
1668 1593 1789 1643 dum,
1813 1594 1992 1633 aliorum

590 1661 635 1700 in
656 1674 834 1711 morem,
858 1661 903 1700 in
920 1660 1062 1700 Gallos
1083 1665 1181 1699 sunt
1200 1659 1509 1708 transformati,
1530 1658 1601 1697 sed
1621 1659 1812 1711 linguam
1828 1658 1988 1710 adhuc,

592 1740 831 1778 moresque,
861 1731 903 1764 et
938 1725 1132 1764 instituta
1160 1724 1413 1764 Germanica
1442 1724 1671 1778 plurimum
1697 1724 1896 1763 retinent.
1936 1722 1993 1763 At

592 1790 686 1829 haec
715 1789 760 1828 in
787 1803 937 1842 genere
962 1789 1013 1829 de
1042 1794 1187 1828 nostra
1222 1789 1382 1842 origine
1413 1789 1526 1828 dicta
1552 1790 1836 1842 compluribus
1866 1789 1992 1829 hodie

593 1854 765 1894 minime
790 1854 1022 1904 sufficiunt,
1050 1853 1362 1908 inquirentibus
1394 1854 1507 1893 ultra
1537 1861 1664 1908 atque
1691 1854 1992 1906 indagantibus

594 1926 754 1960 eertum
786 1926 971 1974 tempus,
1012 1935 1096 1974 quo
1128 1925 1316 1974 tempore
1347 1920 1421 1973 qui
1452 1935 1566 1960 nunc
1596 1926 1694 1960 sunt
1729 1918 1904 1959 Flandri
1943 1933 1993 1957 ex

590 1985 818 2027 Germania
852 1987 1121 2037 advenerint,
1166 1992 1208 2025 et
1238 1986 1409 2040 quando
1437 1992 1500 2025 tot
1535 1991 1632 2025 sunt
1657 1991 1830 2039 tamque
1861 1985 1991 2025 variae

591 2051 829 2092 Germaniae
852 2052 1064 2102 nationes,
1093 2065 1119 2090 a
1143 2065 1229 2105 qua
1255 2052 1517 2106 potissimum
1543 2066 1673 2105 genus
1699 2057 1827 2104 atque
1853 2056 1992 2090 ortum

593 2117 808 2157 ducamus.
844 2117 949 2168 Quae
981 2117 1124 2157 omnia
1153 2116 1341 2171 profecto
1372 2117 1633 2167 obscuriora,
1672 2116 1991 2170 difficilioraque

593 2187 691 2221 sunt
716 2182 770 2221 ob
796 2182 931 2235 gentis
958 2182 1186 2222 ruditatem
1212 2196 1261 2221 ac
1297 2183 1546 2237 scriptorum
1578 2183 1822 2237 penuriam,
1863 2196 1992 2235 quam

594 2252 642 2286 ut
679 2247 777 2286 inde
813 2247 1024 2301 apodixim
1064 2248 1252 2301 aliquam
1283 2247 1446 2288 adferre
1477 2262 1702 2302 possemus.
1742 2248 1849 2287 Satis
1890 2262 1991 2287 con-

596 2318 678 2352 stat
702 2313 826 2366 longe
853 2318 952 2352 ante
983 2312 1243 2353 salutiferum
1269 2314 1454 2353 natalem
1479 2326 1697 2367 germanos
1728 2314 1772 2353 in
1810 2313 1991 2353 Galliam

596 2378 832 2429 traductos,
885 2379 1067 2433 indeque
1110 2379 1331 2433 plerosque
1377 2379 1526 2433 Belgas
1572 2385 1706 2431 ortos,
1750 2393 1799 2419 ac
1839 2379 1990 2419 dehinc

2199 2547 2211 2580 Γ»
2195 2398 2210 2522 s

361 2547 374 2579 V

2162 2602 2181 2635 0!
2171 2559 2181 2575 s

376 2620 413 2636 vy„
422 2618 430 2635 ξ
439 2622 458 2633 ἐκ
2145 2630 2155 2633 -

368 2629 630 2665 &saw
1493 2636 1501 2637 ’
2025 2638 2133 2655 Q
2141 2634 2161 2649 Ψ
2177 2650 2210 2662 —e

2210 2628 2225 2663 οἴω
