2372 3082
388 327 657 380 affl&—
1290 318 2245 371 4644)Μῇπὲ

387 381 443 593 ἤ
619 560 912 615 supernatibus
934 572 1065 613 prope
1082 556 1297 596 castellum
1308 585 1318 603 ,
1341 553 1407 592 cui
1424 566 1578 591 nomen
1595 551 1755 593 Gallice
1772 553 1834 606 (ut
1849 553 2011 606 ferunt)

617 627 897 679 Beauregart,
931 639 980 664 30
1006 623 1131 680 juxta
1158 620 1305 661 Levini
1332 617 1570 671 Panagathi
1593 616 1760 672 juvenis
1786 619 2011 659 doctissimi

616 691 783 731 tabulas
806 689 897 746 jam
929 689 1192 742 immergitur
1216 685 1371 740 partim
1404 682 1593 732 Oceano,
1624 683 1778 737 partim
1813 685 2012 738 recipitur

617 771 643 796 a
672 757 804 807 Mosa,
840 771 911 796 seu
947 770 973 795 a
1006 753 1148 795 Rheni
1177 750 1367 791 citeriore
1403 749 1578 788 brachio
1590 780 1600 799 ,⁷
1641 749 1755 803 quod
1790 749 2013 789 brachium

616 823 799 877 primum
829 821 987 860 Mosam
1017 818 1168 858 deinde
1198 815 1389 854 Scaldem
1423 812 1590 866 accipit.
1623 813 1719 852 Lisa
1747 812 1847 851 item
1880 813 2014 852 amnis

618 887 765 940 (Legia
791 885 980 925 scribunt
1001 881 1195 937 quidam)
1226 878 1474 918 Flandriam
1500 884 1547 917 ut
1574 878 1753 918 dulciter
1779 878 1928 931 irrigat
1956 878 2016 918 ita

616 957 658 990 et
682 951 765 990 late
791 948 1022 989 foecundat.
1041 946 1172 986 Natus
1194 944 1238 982 in
1260 945 1434 984 morinis
1451 945 1634 984 occiduis
1655 944 1860 998 Lisburgo
1881 958 2010 998 pago,

617 1016 918 1071 liquidissimus
965 1010 1373 1062 amaenissimusque‚
1414 1008 1485 1047 sed
1520 1008 1772 1061 aliquandiu
1808 1008 1923 1047 exilis
1975 1013 2016 1047 et

616 1082 685 1122 vix
720 1079 970 1133 navigabilis
1008 1076 1223 1116 Orientem
1257 1087 1398 1112 versus
1433 1086 1508 1125 per
1547 1072 1726 1111 mediam
1770 1070 2014 1111 Flandriam

617 1148 791 1196 labitur,
818 1146 979 1191 Ariam,
1000 1144 1186 1196 Longam
1209 1139 1403 1186 Salicem,
1424 1135 1505 1175 hoc
1522 1141 1582 1174 est
1598 1136 1661 1187 (ut
1678 1134 1832 1187 ferunt)
1853 1135 2015 1174 Fanum

617 1211 837 1260 Venantii,
872 1209 1091 1263 Broylum,
1117 1204 1400 1257 Stegriaeum‚
1428 1199 1760 1251 Armentyriam,
1785 1198 2017 1238 Varnestu·

617 1290 739 1325 num,
774 1273 1033 1320 Cominium,
1063 1268 1351 1315 Viroviacum,
1387 1265 1636 1319 oppidulum
1672 1269 1789 1303 vetus
1830 1262 2014 1302 Antonio

616 1341 691 1380 Pio
725 1343 1023 1386 memoratum,
1058 1334 1266 1383 Meninas‚
1302 1331 1573 1380 Certi-acum,
1612 1330 1909 1378 Harlebecam,
1944 1329 2015 1368 Fi-

603 1403 747 1455 ¹viam,
770 1403 1008 1451 Denzilam,
1032 1398 1328 1446 Troncinium,
1363 1397 1698 1450 Gandav'umque
1728 1395 1802 1434 ubi
1838 1409 1864 1434 a
1899 1395 2016 1434 Scal-

617 1470 669 1509 de
695 1467 897 1521 recipitur
927 1465 1063 1505 alluit.
1096 1464 1276 1515 Scarpus
1302 1461 1435 1500 oritur
1459 1460 1504 1499 in
1527 1459 1798 1499 Atrebatibus
1825 1458 2017 1497 interluit

617 1533 807 1572 Duacum
826 1562 837 1580 ,
862 1529 1071 1569 Lalanum
1090 1558 1100 1576 ,
1123 1526 1442 1579 Aquicinctum,
1467 1525 1697 1564 Martianas
1712 1556 1722 1573 ‚
1748 1524 1986 1563 Hasnonem
2001 1555 2012 1573 ‚

618 1599 825 1639 Elnonem
856 1609 905 1634 ac
933 1593 1208 1634 Moretaniam
1244 1604 1328 1644 quo
1364 1590 1455 1629 loco
1493 1590 1536 1628 in
1573 1590 1764 1629 Scaldem
1797 1588 1938 1628 influit
1967 1602 2017 1628 ac

619 1679 773 1706 nomen
801 1661 972 1702 amittit.
1000 1660 1180 1699 Somona
1205 1657 1279 1711 qui
1300 1655 1482 1695 Phrudis
1507 1669 1592 1694 esse
1614 1655 1779 1694 videtur
1801 1654 2015 1693 Ptolomeo

620 1743 694 1784 per
734 1725 1071 1775 Samarobriuas,
1110 1721 1447 1771 veromanduos,
1492 1720 1741 1770 Ambiones,
1788 1720 2012 1770 Corbeam,

621 1793 898 1835 Abhaevillam
909 1823 919 1841 ,
945 1788 1244 1844 Crotejumque
1261 1786 1314 1825 ab
1331 1792 1425 1826 ortu
1437 1818 1446 1835 ‚
1467 1787 1511 1825 in
1534 1800 1727 1826 occasum
1743 1787 1797 1826 ad
1814 1800 2016 1825 oceanum

621 1858 803 1914 pertinet
823 1854 1098 1895 Britanicum.
1130 1851 1276 1892 Oritur
1303 1857 1444 1892 autem
1475 1852 1619 1891 eodem
1646 1852 1732 1890 sere
1753 1865 1837 1904 quo
1858 1851 2018 1891 Scaldis

621 1926 737 1966 fonte
761 1938 810 1963 ac
833 1921 1098 1969 Flandriam,
1129 1918 1338 1959 Artesium
1365 1923 1405 1957 et
1427 1917 1752 1957 Veromandiam
1775 1916 1886 1956 inter
1908 1930 1949 1955 se
1970 1930 2019 1955 30

622 1989 812 2030 Scaldem
853 1985 1045 2039 incingit.
1090 1983 1283 2037 Agniona
1324 1997 1421 2023 vero
1463 1997 1616 2036 parvus
1656 1982 1809 2021 fluvius
1850 1987 2017 2035 sumpta

623 2054 783 2106 origine
807 2052 851 2090 in
876 2064 975 2104 agro
1004 2047 1252 2088 Bononiensi
1276 2061 1383 2103 pago
1408 2049 1560 2089 Aciaco
1588 2048 1903 2102 praeterlabitur
1921 2047 2019 2086 Fal-

628 2120 870 2172 cobergam,
911 2115 1091 2163 Ardzas,
1131 2113 1294 2153 Fanum
1334 2114 1561 2155 Audomari
1598 2120 1638 2154 et
1673 2114 1881 2163 Vatanas,
1919 2113 2020 2152 hinc

625 2184 771 2224 Colma
817 2181 898 2220 dici
944 2179 1093 2232 incipit
1139 2192 1188 2217 ac
1232 2180 1385 2232 partim
1437 2180 1735 2233 Gravelingam
1782 2179 2021 2233 partimque

625 2251 780 2303 Rergas
815 2247 996 2287 volvitur
1032 2259 1080 2285 ac
1126 2245 1224 2284 dein
1258 2244 1522 2285 Dunckercae
1569 2249 1766 2283 exonerat
1804 2243 1848 2282 in
1886 2256 2015 2282 mare.

625 2316 787 2355 Tenera
831 2319 944 2352 ortus
988 2312 1032 2351 in
1078 2310 1268 2350 Hanonia
1309 2309 1592 2364 principatum
1641 2308 1884 2347 Alostanum
1933 2305 2019 2345 fere

421 2339 424 2373 ῐ

422 2376 424 2398 ³
627 2383 817 2422 decussat
858 2393 983 2433 seque
1027 2382 1224 2418 exonerat
1263 2377 1307 2416 in
1348 2373 1536 2413 Scaldem
1577 2372 1917 2412 Teneremondae.
1958 2369 2018 2407 Ex

412 2410 449 2620 4

420 2636 446 2664 Q

2220 1877 2225 2128 Ξ

2220 2129 2225 2390 ἔ

2212 2395 2239 2524 4

396 2473 449 2593 Q
2200 2482 2254 2590 4444
