2372 3082
1941 320 1985 370 Q&

1977 341 1983 347 ⁸
1975 320 1989 333 ὓ

1961 376 1987 426 sq.

1982 421 1987 453 V
1982 391 1990 412 ΑΛ
1976 341 1990 384 ,Λιές

1963 426 1981 517 (Q

370 553 634 593 Ferdinando
675 551 760 592 filio
800 552 907 606 regis
952 551 1200 600 Lusitaniae,
1243 564 1293 589 ex
1326 564 1410 603 quo
1450 556 1592 591 tamen
1628 551 1757 592 filiam

367 618 572 657 Joannam
594 617 800 671 peperisse
823 616 1024 664 traditur,
1049 616 1094 654 in
1116 614 1296 654 infantia
1318 613 1574 656 defunctam.
1601 615 1759 656 Iterum

365 682 538 721 Thomae
578 681 799 720 Sabaudiae
845 680 1006 719 comitis
1048 679 1133 718 filio
1148 710 1158 728 ,
1203 678 1277 732 qui
1319 685 1411 732 post
1450 678 1539 734 ejus
1581 686 1757 721 mortem

367 747 549 800 patriam
586 746 726 785 statim
763 744 970 798 repetivit.
1443 743 1446 746 ’

424 810 653 864 Margarita
672 815 777 849 natu
796 809 998 862 posterior
1018 808 1261 849 Flandriam
1285 809 1611 865 Hanoniamque
1631 811 1757 861 adiit,

366 889 462 929 quae
483 881 524 913 et
545 875 648 928 ipsa,
672 875 766 915 viva
787 889 941 924 sorore,
967 875 1068 914 duos
1093 874 1301 914 habuerat
1322 876 1515 926 maritos,
1548 875 1763 916 Burehar-

366 940 463 978 dum
486 938 760 979 Aveniensem
787 953 860 993 per
880 940 1090 978 fallaciam
1111 939 1165 978 ab
1187 953 1234 978 eo
1257 940 1452 993 decepta,
1479 941 1759 981 Guilelmum-

367 1019 450 1058 que
474 1005 746 1058 Dampetram
767 1004 897 1042 filium
917 1003 1120 1043 Guidonis
1137 1004 1375 1057 Dampetrae
1397 1018 1446 1043 ex
1466 1005 1656 1045 Beatriee
1676 1006 1763 1046 filia

368 1069 650 1108 Arehenbaldi
674 1068 888 1108 Borbonii.
917 1067 1124 1108 Joannem
1150 1068 1491 1123 Balduinumque
1513 1067 1762 1109 Avenienses

366 1134 480 1188 prior
513 1133 688 1186 protulit
722 1132 934 1173 thalamus
942 1150 952 1183 3
992 1133 1244 1182 Guilelmus,
1289 1132 1449 1183 Guido,
1489 1133 1673 1173 Joannes
1714 1148 1762 1173 ae

366 1198 500 1239 Maria
526 1198 572 1238 in
594 1197 779 1237 Flinensi
801 1199 990 1238 coenobio
1010 1199 1174 1238 vestalis
1194 1198 1420 1252 posteriore
1441 1200 1575 1239 aediti.

423 1264 582 1303 Horum
618 1276 668 1301 ex
709 1277 883 1302 numero
919 1263 1074 1303 Joanni
1111 1263 1335 1303 Aveniensi
1371 1263 1486 1304 Alisa
1505 1295 1515 1313 ‚
1559 1265 1759 1305 Florentii

366 1329 602 1369 Hollandiae
623 1328 783 1367 comitis
799 1327 900 1377 filia,
921 1342 1025 1367 uxor
1040 1329 1199 1377 evenit,
1228 1327 1410 1381 indeque
1432 1329 1554 1368 liberi
1576 1330 1759 1371 Joannes

367 1394 572 1435 Hanoniae
630 1407 764 1432 eomes
784 1423 795 1441 ,
853 1392 1084 1433 Guilelmus
1137 1393 1352 1447 episeopus
1409 1393 1722 1435 Cameracensis
1743 1426 1754 1445 ,

365 1459 608 1499 Boehardus
637 1459 852 1513 episeopus
882 1457 1263 1507 Mediomatrieum,
1306 1472 1355 1497 ae
1376 1457 1513 1498 Guido
1542 1460 1757 1514 episeopus

365 1523 660 1579 Trajeetensis.

425 1590 621 1630 Balduini
644 1604 739 1630 vero
761 1604 930 1630 uxorem
952 1597 1071 1644 patre
1097 1592 1258 1645 reperio
1290 1597 1434 1632 natam
1462 1591 1642 1631 Henrieo
1673 1591 1760 1630 Lu—

367 1656 629 1709 eeburgensi,
656 1657 770 1696 aliud
792 1657 842 1695 de
863 1654 951 1710 ejus
968 1655 1076 1694 nihil
1094 1656 1234 1696 inveni
1256 1656 1502 1711 propagine.
1525 1655 1758 1695 Guilelmus

366 1735 536 1760 uxorem
557 1721 706 1760 habuit
727 1720 957 1760 Beatricem
986 1720 1233 1760 Brabantini
1262 1721 1378 1761 ducis
1399 1720 1570 1760 Henriei
1599 1721 1751 1770 filiam,

368 1800 393 1825 a
424 1787 580 1840 nuptiis
616 1785 862 1838 Thuringiae
896 1786 1057 1824 comitis
1089 1785 1303 1835 coelibem,
1341 1785 1412 1824 sed
1456 1785 1618 1825 nullam
1662 1785 1760 1824 inde

369 1852 567 1891 sobolem.

427 1916 485 1955 De
514 1916 688 1955 ,Ioannis
720 1917 936 1970 progenie,
969 1930 1093 1969 quem
1116 1917 1159 1955 in
1182 1922 1378 1970 paternas
1400 1916 1575 1955 tradunt
1597 1929 1759 1954 sueces-

371 1981 466 2019 sisse
497 1993 594 2033 opes
604 2011 613 2029 ,
640 1981 747 2019 nihil
769 1980 950 2020 invenio.
985 1979 1122 2020 Guido
1144 1996 1280 2021 eomes
1307 1981 1518 2021 Flandriae
1539 1981 1759 2033 vigesimus

370 2045 526 2097 primus
549 2059 632 2083 uno
653 2051 780 2098 atque
800 2045 931 2084 altero
952 2046 1218 2085 matrimonio
1234 2046 1566 2086 foeeundissimus
1578 2077 1587 2095 ‚
1614 2060 1760 2085 nume-

370 2123 504 2148 rosam
536 2110 760 2149 liberorum
798 2110 1021 2164 progenuit
1057 2109 1285 2148 eohortem.
1323 2109 1459 2160 Quem
1495 2109 1622 2162 priori
1659 2123 1760 2148 con-

371 2173 513 2227 plexus
542 2179 602 2212 est
631 2174 752 2213 thoro
781 2174 1014 2222 Mathildis3
1045 2173 1224 2213 abavum
1254 2179 1475 2227 paternum
1503 2174 1759 2214 Guilelmum

370 2237 667 2286 Betunfflnum,
682 2252 804 2277 avum
816 2238 1045 2278 Robertum
1059 2238 1354 2288 Betunianum,
1366 2246 1527 2293 patrem
1543 2239 1759 2279 Danielem

372 2300 673 2351 Betunianum,
726 2308 902 2341 matrem
948 2316 1044 2341 vero
1097 2302 1247 2342 habuit
1293 2303 1527 2358 prinoipem
1576 2303 1757 2343 Tenere-

152 2477 194 2582 ἐξ

1937 2398 1990 2584 Q
1960 1999 1965 2383 ffl—-ff--m-

1982 2549 1991 2565 χ
1983 2478 1986 2497 -

160 2392 178 2507 8
374 2367 628 2406 mundanam
643 2397 652 2415 ,
682 2368 924 2420 peperitque
946 2367 1096 2405 liberos
1115 2380 1245 2406 mares
1262 2367 1471 2420 quinque,
1497 2383 1546 2408 ae
1567 2367 1756 2407 foeminas

141 2578 174 2595 Γ
185 2587 192 2595 ι,
1937 2552 1957 2593 ἐξ
1971 2558 1991 2596 :1‘1'
