2372 3082
142 2583 734 2654 aQ———ff-
771 2621 1722 2628 wffl--m——ss-——ss—-ffi

197 319 1026 374 Q——ss—m—
1039 330 1119 372 (105)

391 552 603 593 Flandriae
639 553 871 593 comitatus
904 553 1185 608 Burgundiae,
1235 556 1416 609 dignitas
1455 558 1673 610 Palatina,
1727 575 1778 602 ac

391 617 613 656 comitatus
649 617 901 657 Salinarum.
936 617 1049 657 Emit
1079 620 1190 660 idem
1219 621 1503 664 Mechliniam.
1543 625 1777 668 Ludovicus

390 679 582 720 Malanus
604 695 731 720 uxore
753 681 980 734 Margarita
1011 681 1298 734 Brabantina,
1329 685 1575 727 Flandriam
1604 691 1776 730 tandem

388 746 505 786 auxit
523 745 815 796 Lotharichio,
849 746 1100 796 Brabantia,
1129 746 1478 801 Lemburgia,·ac
1509 764 1606 804 quae
1626 754 1776 806 perdiu

389 809 499 849 dono
519 810 700 864 quodam
722 810 852 850 dotali
875 810 1059 850 alienata
1089 809 1227 851 fuerat
1257 810 1293 850 T
1296 814 1598 854 eneremunda.

444 874 561 915 Idem
579 875 619 916 vi
639 881 681 915 et
700 876 827 915 armis
850 881 982 915 totam
1000 875 1166 930 subegit
1185 876 1459 919 Brabantiam
1471 910 1482 929 ,
1514 880 1776 935 retinuitque

387 939 659 981 Meehliniam
691 947 734 981 et
763 940 1095 995 Andoverpiam,
1119 941 1456 981 Marchionatum
1486 944 1646 984 dictum
1668 946 1775 985 sacri

386 1004 570 1058 Imperii.
607 1006 852 1044 Flandriam
876 1004 1106 1055 Gallicam,
1131 1006 1211 1045 hoc
1232 1013 1316 1055 est,
1350 1008 1559 1059 Insulam,
1583 1010 1775 1051 Duacum

386 1074 428 1108 et
447 1068 698 1108 Orchiacum
709 1100 720 1119 ,
745 1083 820 1124 per
840 1069 939 1108 filiae
961 1068 1129 1122 nuptias
1151 1084 1177 1109 a
1197 1070 1370 1111 Francis
1398 1073 1571 1126 recepit.
1604 1075 1775 1128 Marga-

385 1134 468 1173 rita
512 1135 682 1175 Malana
721 1135 919 1175 nubendo
966 1134 1188 1188 acquisivit
1238 1134 1447 1175 Ducatum
1498 1137 1771 1191 Burgundiae.

383 1197 567 1237 Joannes
611 1198 877 1252 Burgundio,
927 1198 1065 1251 gratia
1106 1199 1364 1238 matrimonii
1404 1215 1500 1240 cum
1540 1201 1774 1255 Margarita

383 1262 586 1303 Bavarica
599 1262 762 1318 juncti,
785 1264 944 1318 recepit
963 1263 1120 1303 insulas
1143 1262 1379 1314 Zelandiae,
1405 1277 1501 1317 quae
1524 1278 1655 1304 annos
1676 1266 1773 1319 plus

385 1326 585 1367 ducentos
607 1328 840 1381 octoginta,
860 1327 1028 1368 fuerant
1044 1340 1069 1366 a
1087 1327 1290 1367 Flandria
1307 1329 1512 1370 discretae.
1536 1330 1682 1370 Eidem
1700 1345 1773 1371 ac—

384 1391 503 1430 cessit
531 1391 753 1445 imperium
784 1391 943 1431 Frisiae.
977 1391 1198 1447 Philippus
1228 1393 1474 1448 Burgundio
1505 1396 1771 1436 haereditates

383 1457 511 1496 crevit
537 1456 793 1497 Lotaricium
808 1488 818 1507 ,
843 1457 1141 1507 Brabantiam,
1166 1458 1487 1512 Lemburgium,
1508 1460 1768 1509 Hanoniam,

382 1522 665 1572 Hollandiam,
677 1524 935 1563 Zelandiam.
949 1523 1062 1562 Emit
1072 1520 1427 1575 Lucemburgium
1444 1529 1485 1562 et
1495 1523 1532 1563 N
1534 1537 1749 1563 amurcum
1759 1554 1767 1563 .

382 1585 554 1626 Carolus
584 1586 829 1640 Burgundio
865 1586 1037 1627 Geldros
1072 1583 1226 1640 adjecit
1261 1591 1302 1625 et
1337 1587 1599 1627 Forestanos.
1638 1587 1771 1628 Maria

381 1649 612 1704 Burgunda
641 1656 795 1705 praeter
825 1651 973 1704 ingens
1004 1664 1156 1690 nomen
1192 1650 1449 1705 Ungariam,
1490 1653 1765 1703 Dalmatiam,

383 1712 622 1763 Croaciam,
657 1713 893 1765 Austriam,
931 1715 1123 1765 Stiriam,
1156 1715 1440 1767 Carinthiam,
1475 1718 1765 1773 Hasburgum,

382 1776 591 1827 Tirolum,
626 1778 846 1828 Elsatiam,
885 1778 1079 1818 Sueviam
1114 1780 1332 1834 multaque
1364 1783 1449 1821 alia
1479 1783 1769 1822 illustrissimae

382 1855 467 1881 suae
488 1840 681 1896 adjunxit
708 1842 865 1881 domui.
904 1842 1173 1882 Matrimonio
1208 1843 1395 1898 Philippi
1429 1845 1636 1900 Piincipis
1672 1844 1767 1886 cum

379 1907 545 1947 Joanna
565 1907 771 1962 Hispana,
796 1907 890 1947 haeo
920 1908 1175 1961 amplissima
1202 1923 1351 1949 venere
1375 1925 1525 1965 regna,
1559 1911 1763 1962 Castella,

379 1969 527 2023 Legio,
583 1970 792 2025 Bethyca,
845 1970 1077 2025 Aragonia,
1127 1973 1311 2024 Navala,
1362 1974 1575 2025 Baleares,
1624 1976 1767 2017 Sicilia

379 2039 577 2087 utraque,
602 2048 652 2074 ac
666 2033 738 2090 jus
767 2034 1164 2089 Hierosolymorum.
1190 2037 1370 2078 CARoLns
1400 2039 1640 2080 Catholicus
1660 2039 1766 2079 Tor-

379 2112 531 2139 nacum
562 2102 740 2154 recepit,
781 2101 1042 2154 lecuperavit
1072 2107 1113 2140 et
1143 2116 1318 2156 regnum
1354 2104 1570 2153 Navarrae,
1610 2104 1765 2144 Mauris

379 2164 573 2217 purgavit
622 2163 887 2218 Hispaniam,
936 2163 1119 2204 F1anoos
1161 2166 1267 2205 mila
1303 2166 1519 2207 foelicitate
1560 2167 1685 2207 Italia
1726 2174 1767 2207 et

379 2227 582 2282 Hispania
630 2231 790 2284 exegit,
843 2235 1052 2284 captoque
1103 2243 1246 2270 eorum
1296 2230 1431 2285 Rege,
1490 2231 1567 2272 sub
1609 2230 1764 2287 jugum

380 2291 506 2332 misit.
561 2293 703 2347 Fregit
751 2294 932 2334 Romani
972 2295 1185 2335 Pontificis
1229 2302 1416 2335 conatus.
1471 2297 1646 2337 Sustulit
1675 2297 1764 2337 fac-

379 2357 512 2398 tiones
560 2358 744 2409 Italicas,
788 2360 1040 2400 Venetorum
1085 2359 1246 2398 domuit
1295 2360 1551 2413 superbiam,
1606 2360 1762 2402 Ulbem

1838 331 1999 366 Ne&

1961 332 2015 407 ζῶ»

1963 383 2013 528 JQ

1812 1947 1984 2632 l
