2372 3082
429 333 1971 373 Q(4.4)——-——-——-——-
2061 317 2246 378 N{3{3}5

375 370 432 582 *ἓξ

611 553 744 593 trudis
772 569 849 607 pro
879 555 961 594 aris
990 556 1074 597 divi
1103 556 1269 597 Jacobi.
1291 555 1551 595 Balduinum
1572 552 2004 607 Constantinopolita-

609 632 713 658 num
732 618 777 657 in
799 618 985 672 Graecia,
1010 621 1188 662 Mariam
1209 635 1382 661 uxorem
1400 620 1455 659 ad
1474 619 1778 658 Ptolemaidem
1798 620 1843 658 in
1865 619 1999 674 Syria.

606 684 817 724 Joannam
858 685 1373 743 Constantinopolitanam
1410 700 1506 726 cum
1546 683 1815 724 Ferdinando
1852 685 2003 724 marito

606 749 662 789 ad
687 750 945 793 Markettam
971 754 1016 792 in
1049 768 1122 793 suo
1153 752 1432 807 parthenone.
1463 749 1737 804 Margaritam
1763 747 2003 789 Constanti-

605 816 896 870 nopolitanam
932 833 1028 859 cum
1064 819 1216 859 marito
1252 818 1461 858 Guilelmo
1502 816 1730 869 liberisque
1770 813 1999 865 Guilelmo,

604 880 818 934 Guidone,
842 882 977 923 Maria
992 883 1124 923 Flinis
1139 884 1184 923 in
1207 882 1411 923 coenobio.
1438 880 1637 921 Guilelmi
1654 877 1877 934 conjugem
1896 878 2004 919 Bea-

602 948 752 986 trieem
778 962 851 987 suo
882 948 928 987 in
955 948 1219 1003 parthenone
1248 947 1457 987 Curtraei.
1490 945 1769 985 Posteriorem
1798 942 2002 983 Guidonis

601 1027 773 1052 uxorem
801 1013 1026 1053 Isabellam
1055 1014 1423 1067 Luceburgensem
1454 1012 1509 1052 ad
1533 1012 1732 1064 Petegam
1763 1010 2001 1050 coenobium

601 1093 723 1118 suum
738 1078 863 1135 juxta
882 1076 1182 1118 Aldenardam.
1207 1078 1442 1117 Robertum
1464 1075 1753 1117 Betunianum
1773 1074 1926 1129 Hypris
1948 1074 2002 1114 ad

602 1143 790 1184 Martini.
823 1144 1083 1184 Ludovieum
1115 1144 1203 1200 ejus
1231 1144 1364 1184 filium
1395 1143 1576 1184 Lutetiae
1608 1141 1664 1181 ad
1684 1139 1834 1179 fratres
1865 1138 2001 1178 Mino-

602 1222 682 1248 res.
736 1209 996 1249 Ludovicum
1039 1210 1337 1250 Nivernensem
1382 1210 1535 1263 Brugis
1570 1208 1616 1247 in
1656 1205 1846 1261 principe
1890 1205 1996 1245 aede.

602 1272 874 1326 Margaritam
892 1271 981 1328 ejus
999 1273 1220 1330 conjugem
1238 1288 1334 1314 eum
1351 1272 1580 1329 majoribus
1603 1271 1656 1312 ad
1676 1271 1863 1325 Dionysii
1879 1271 2000 1310 Pari-

603 1337 773 1376 siorum.
807 1337 1068 1378 Ludovieum
1099 1340 1316 1379 Malanum
1347 1353 1443 1378 cum
1467 1352 1594 1378 uxore
1614 1336 1769 1376 Insulae
1790 1336 1845 1376 ad
1865 1335 1996 1376 Petri.

603 1400 876 1455 Margaritam
917 1401 1130 1443 Malanam
1170 1404 1325 1445 Insulae
1365 1403 1490 1459 juxta
1524 1408 1705 1457 patrem.
1750 1400 1999 1455 Philippum

603 1467 739 1507 virum
785 1467 961 1507 Divione
1000 1469 1046 1508 in
1092 1469 1354 1523 Burgundia.
1403 1468 1611 1507 Joannem
1653 1465 1999 1519 Burgundionem

603 1531 780 1571 Divione
802 1546 898 1571 cum
918 1539 1038 1587 patre
1070 1534 1124 1574 ad
1153 1534 1451 1574 Cartusienses.
1483 1532 1727 1573 Catarinam
1753 1529 1841 1586 ejus
1867 1529 1998 1569 filiam

604 1596 797 1637 Gandavi
818 1597 873 1636 ad
895 1596 1147 1638 Pharaildis.
1178 1599 1423 1653 Philippum
1455 1596 1798 1651 Burgundionem
1823 1594 2006 1634 Divione*

603 1663 659 1702 ad
679 1662 976 1703 cartusienses.
1000 1663 1187 1705 Primam
1202 1679 1374 1705 uxorem
1390 1663 1478 1720 ejus
1498 1661 1790 1703 Michaelidem
1806 1660 1997 1701 Gandavi

604 1729 649 1768 in
679 1729 770 1768 aede
805 1729 889 1769 divi
925 1730 1118 1770 Bavonis.
1152 1731 1412 1770 Postremam
1450 1729 1673 1769 Isabellam
1700 1726 1825 1782 juxta
1859 1727 1995 1781 ipsum

605 1792 798 1833 Divione.
835 1793 1031 1834 carolum
1052 1795 1395 1848 Burgundionem
1412 1795 1525 1834 Nasii
1544 1794 1588 1832 in
1613 1792 1995 1832 Mediomatrieibus

603 1858 693 1897 aede
729 1859 812 1898 divi
847 1858 1031 1913 Georgii.
1066 1858 1310 1899 Catarinam
1349 1873 1520 1898 uxorem
1551 1855 1761 1897 Bruxellae
1797 1856 1852 1896 ad
1887 1856 1994 1897 divae

602 1920 798 1962 Gudulae.
827 1922 1050 1963 Isabellam
1077 1923 1356 1978 Andoverpiae
1378 1924 1424 1962 in
1449 1923 1538 1963 aede
1569 1921 1797 1964 Michaelis.
1828 1921 1996 1975 Marga-

549 1979 553 1981 ”
602 1988 728 2027 ritam
756 1987 994 2029 Mechliniae
1024 1990 1138 2043 apud
1168 1990 1483 2029 Franciscanos.
1513 1988 1689 2027 Mariam
1720 1986 1994 2041 Burgundam

601 2053 753 2106 Brugis
788 2053 842 2092 ad
878 2053 1076 2107 Virginis.
1117 2054 1390 2108 Margaritam
1421 2054 1509 2110 ejus
1542 2054 1670 2093 filiam
1702 2052 1854 2104 Brugis
1881 2052 1993 2105 apud

601 2118 778 2158 vestales
800 2119 1087 2159 annuntiatas.
1113 2120 1358 2174 Philippum
1383 2135 1524 2175 regem
1553 2120 1754 2160 Granatae
1775 2118 1820 2156 in
1840 2117 1992 2171 Hispa-

601 2183 688 2222 nia.
718 2182 942 2221 Isabellam
969 2183 1057 2238 ejus
1086 2184 1215 2223 filiam
1248 2185 1406 2225 Danieo
1429 2191 1606 2240 nuptam
1627 2185 1715 2239 regi
1736 2183 1927 2224 Gandavi
1947 2184 1992 2223 in

601 2247 792 2287 coenobio
821 2247 1124 2289 Blandiniensi.

2188 2589 2202 2605 Q

362 2610 427 2649 *ἒξὲς
435 2610 515 2633 lez*
1744 2634 1952 2641 ——0—2
2041 2622 2119 2643 *N
2138 2619 2212 2646 5⁰5¹.

369 2609 629 2667 suff-&QX
631 2634 641 2638 “
656 2635 1347 2642 “m—w*
2014 2621 2221 2672 We}
