2372 3082
378 374 435 585 ζῇ

377 321 806 376 &agr-Q*—

387 373 435 412 ⁶911

361 2628 394 2662 a*
359 2525 381 2592 s„

412 2648 426 2662 ρ
413 2616 419 2620 ,.

611 555 785 598 Acharii
802 556 983 610 episcopi
999 555 1381 597 Noviodunensium
1399 557 1544 598 datum
1553 558 1724 599 Morinis
1741 558 1980 614 episcopum
1991 592 2002 610 ,

609 622 678 676 pie
710 634 759 660 ac
779 626 922 661 sancte
942 621 1169 662 instituisse
1189 623 1426 674 ecclesiam,
1452 623 1634 664 Morinos
1665 625 1778 664 bona
1807 639 1856 664 ex
1886 632 2006 680 parte

608 687 654 727 in
689 692 872 728 veterem
906 688 1089 742 relapsos
1130 689 1431 739 idololatriam,
1473 690 1666 730 maximis
1703 689 1916 731 laboribus
1951 692 2005 732 ad

607 764 748 791 veram
771 750 982 790 reduxisse
1004 753 1227 806 pietatem,
1261 768 1423 793 summa
1452 768 1553 794 cura
1585 754 1798 794 diocoesim
1828 754 2000 805 obiisse,

607 815 764 854 circum
785 815 894 855 vicos
924 829 974 854 ac
996 818 1167 856 castella
1188 818 1394 867 docuisse,
1424 819 1537 858 idola
1559 819 1804 872 cultumque
1831 818 2002 859 deorum

607 881 837 929 sustulisse,
870 881 916 920 in
946 887 1112 920 senecta
1147 887 1272 921 aetate
1302 883 1431 922 oculis
1460 883 1650 937 quamvis
1687 889 1879 936 captum,
1913 897 2002 922 rem

604 950 747 985 tamen
769 945 956 985 divinam
982 946 1146 996 fecisse,
1172 946 1485 987 Austrebertam
1509 949 1666 1002 insigni
1686 949 1888 1002 religione
1917 948 2003 989 vir-

605 1011 745 1065 ginem
775 1012 915 1065 patria
942 1011 1272 1063 Taruannicam,
1306 1012 1503 1053 flammeo
1533 1013 1687 1053 Christi
1717 1014 1923 1063 induisse,
1955 1014 2000 1053 in

604 1077 879 1116 translatione
900 1078 1083 1132 corporis
1104 1078 1188 1119 divi
1209 1079 1379 1119 Vedasti
1404 1081 1537 1120 visum
1557 1081 1760 1134 recepisse
1780 1080 1995 1120 divinitus.

603 1142 684 1182 Sed
704 1148 745 1182 et
776 1143 847 1182 alii
879 1143 1113 1196 complures
1139 1144 1216 1183 sub
1238 1144 1348 1184 idem
1373 1151 1537 1199 tempus
1560 1145 1606 1184 in
1640 1145 1810 1184 Morinis
1835 1145 1999 1197 magnis

607 1208 833 1248 virtutibus
863 1222 913 1247 ac
940 1209 1038 1248 vitae
1073 1209 1295 1249 sanctitate
1330 1211 1537 1260 claruere,
1576 1211 1621 1249 in
1654 1210 1807 1262 quibus
1843 1208 2000 1248 Bainus

604 1272 840 1325 episcopm,
865 1272 1075 1312 Bertulfus
1096 1273 1322 1324 confessor,
1347 1274 1603 1314 Erkenbodo
1630 1274 1869 1328 episcopus,
1896 1274 2000 1313 Ber-

603 1336 717 1376 tinus
738 1336 868 1376 abbas
877 1367 888 1386 ,
916 1336 1165 1378 Lambertus
1196 1340 1433 1393 episcopus,
1468 1339 1693 1379 Vulmarus
1721 1339 1851 1379 abbas
1860 1371 1870 1389 ,
1896 1339 2000 1379 Val-

605 1402 748 1442 bertus
779 1414 935 1451 comeS,
959 1402 1184 1442 Richarius
1206 1404 1356 1453 abbas,
1387 1403 1602 1442 Vinnocus
1633 1404 1784 1453 abbaS,
1818 1404 1998 1444 Silvinus

603 1467 754 1516 abbas,
779 1466 1024 1506 Maurontus
1041 1468 1194 1518 abbas,
1215 1468 1472 1508 celeberrimi
1491 1468 1603 1507 fama
1623 1468 1775 1508 habiti.
1802 1468 1997 1508 Bertinus

605 1531 803 1572 Othmari
819 1533 995 1585 aequalis
1012 1539 1394 1588 conterraneusque
1415 1549 1464 1574 ac
1480 1534 1835 1587 consanguineus,
1857 1539 1904 1573 ut
1922 1533 1999 1572 fer-

601 1603 688 1646 tur,
701 1611 797 1636 cum
814 1598 931 1637 sociis
944 1597 1171 1638 Momolino
1188 1605 1229 1638 et
1242 1600 1474 1639 Bertranno
1486 1615 1536 1639 ex
1547 1599 1794 1639 Luxoviensi
1806 1598 1995 1638 oaenohio

601 1662 646 1701 in
667 1660 848 1701 Morinos
870 1663 998 1703 venit.
1025 1663 1131 1703 Huic
1147 1665 1398 1704 conciliante
1420 1664 1631 1704 Odomaro
1652 1664 1697 1703 in
1718 1665 1808 1703 vico
1825 1664 1997 1719 Scythia

602 1727 656 1767 ab
685 1724 897 1768 Adroaldo
930 1729 999 1783 pio
1026 1743 1075 1768 ac
1096 1730 1303 1784 locuplete
1331 1731 1440 1780 viro,
1477 1745 1575 1785 ager
1605 1730 1659 1770 ad
1691 1731 1804 1770 sedes
1836 1736 1877 1770 et
1913 1746 1997 1771 coe-

603 1794 779 1833 nobium
797 1795 1039 1849 adsignatus
1052 1826 1062 1844 ,
1085 1796 1151 1835 cui
1169 1796 1431 1836 incrementa
1447 1810 1653 1835 accessere
1669 1802 1756 1836 tam
1775 1812 1992 1852 prospera,

602 1864 651 1899 ut
672 1859 866 1899 habitum
887 1860 940 1899 sit
968 1861 1067 1900 olim
1096 1863 1380 1902 coenobiorum
1410 1862 1622 1901 Flandriae
1654 1863 1785 1901 multo
1815 1863 1996 1903 clarissi—

548 1975 551 1977 ,
602 1940 732 1965 mum.
757 1925 1006 1966 Momolinus
1028 1928 1134 1967 alter
1155 1928 1359 1968 sodalium
1382 1928 1563 1978 Bertini,
1598 1929 1814 1982 episcopus
1844 1929 1996 1968 Novio-

603 1992 875 2041 dunensium,
900 1992 1158 2032 Bertrannus
1177 2008 1275 2034 vero
1298 1994 1408 2033 abba
1434 1994 1563 2034 evasit
1584 1993 1990 2034 Veromanduorum.

601 2056 785 2096 Decessit
805 2056 999 2097 Bertinus
1025 2058 1169 2098 salutis
1190 2072 1303 2098 anno
1318 2059 1355 2098 D
1372 2058 1403 2098 C
1419 2058 1595 2098 XCVIII
1610 2058 1843 2098 triennium
1870 2059 1995 2098 dum-

600 2126 718 2161 taxat
729 2122 969 2163 Audomaro
986 2124 1179 2177 episcopo
1195 2130 1413 2178 superstes.
1425 2123 1649 2163 Valbertus
1666 2123 1866 2163 Arkensis
1880 2123 1992 2164 idem

599 2185 865 2227 Pontinensis
879 2219 889 2237 ,
914 2188 1220 2241 Ternensisque
1250 2203 1407 2239 comes,
1432 2187 1571 2228 Arkas
1594 2188 1847 2228 Comitatum
1870 2203 1992 2228 suum

599 2264 694 2290 cum
716 2251 801 2291 filio
822 2253 1028 2292 monacho
1061 2254 1232 2293 Bertino
1253 2255 1466 2305 attribuit,
1492 2254 1626 2294 factus
1659 2260 1700 2293 et
1732 2255 1819 2308 ipse
1841 2268 1991 2294 mona-

599 2314 701 2354 chus
732 2322 860 2370 atque
891 2318 1021 2358 abbas
1050 2319 1339 2371 Luxoviensis,
1380 2320 1521 2359 Phara
1551 2333 1688 2359 sorore
1719 2320 1913 2360 Sombras
1949 2335 1990 2360 se

598 2393 766 2435 quoque
785 2382 839 2422 ad
859 2384 1125 2437 parthenona
1146 2386 1397 2426 conferente.
1425 2386 1649 2426 Vulmarus
1680 2386 1987 2425 laudatissimus

2190 1746 2204 2409 j

2165 2597 2176 2604 x
2184 2602 2186 2604 .

1509 2640 1514 2641 γ
1547 2640 1562 2641 ἡ
1632 2640 1640 2641 ff
1945 2617 2155 2651 λγ
2159 2605 2214 2653 ἕξὸ

2059 2639 2215 2672 χὲῖᾶφῇίῦζξῗ
