2372 3082
384 2566 442 2662 aa&
404 1603 423 2522 s-fflfflffl-

1280 340 1361 377 (108)
1395 355 1397 357 μ

1574 332 2249 397 Ἢῆᾖῤ

2197 430 2246 506 Γ

800 539 894 570 Ferte
921 537 1055 581 virgines
1085 547 1216 571 coronas
1242 538 1280 571 de
1308 539 1388 571 rosis
1418 540 1578 579 suavibus,

753 590 848 621 Ferte
874 588 994 622 lichnos
1022 591 1116 633 atque
1146 589 1240 623 taedas
1268 590 1488 637 lampadesque
1515 593 1632 627 lucidas

752 642 856 686 Digna
885 651 999 686 sponso
1027 646 1091 675 tam
1120 642 1235 676 decoro
1264 649 1438 690 praeparate
1467 657 1610 679 munera.

798 696 905 728 Coetus
933 695 1033 728 omnis
1061 701 1239 731 consecrate
1268 697 1408 732 dulcibus
1438 698 1630 744 symphoniis

754 747 835 785 Ore,
864 757 954 786 voce,
986 751 1090 780 mente
1119 759 1267 788 concors,
1296 762 1382 784 sacra
1419 753 1520 797 pange
1550 753 1686 793 cantica,

752 798 858 831 Lauda
887 801 962 832 Jnsu
991 801 1203 841 sanctitatem,
1235 802 1427 848 gloriamque
1455 805 1602 838 nominis.

800 853 846 884 Te
873 853 942 886 volo
974 851 1088 886 flamen
1116 858 1260 899 paratum
1289 861 1393 891 mente
1427 858 1643 892 candidissima

752 905 907 939 Entheam
941 909 1068 949 gustare
1097 918 1216 941 coenam
1249 908 1373 943 ferculis
1404 910 1588 944 ditissimam

753 959 829 1001 Quae
858 958 961 992 cibum
992 958 1045 991 dat
1073 966 1328 1004 permanentem,
1361 963 1415 997 dat
1442 975 1580 1009 perenne
1609 963 1755 1008 gaudium

798 1013 847 1046 Ab
876 1012 1009 1045 rubente
1038 1014 1110 1046 solis
1140 1019 1212 1048 ortu
1240 1016 1353 1050 limites
1382 1017 1421 1050 ad
1449 1018 1593 1056 ultimos,

753 1067 871 1105 Terra,
903 1065 1032 1105 coelum,
1064 1070 1197 1110 pontus,
1229 1068 1344 1108 aether,
1376 1070 1466 1109 luna,
1499 1070 1544 1103 sol
1573 1074 1604 1103 et
1632 1069 1742 1113 sydera

753 1121 928 1153 Pei-sonent
959 1119 1016 1162 piis
1047 1122 1211 1160 camoenis,
1242 1122 1311 1155 laeta
1339 1123 1473 1168 psallant
1502 1124 1651 1157 carmina.

799 1170 955 1216 Quicquid
983 1171 1052 1204 altis
1077 1173 1149 1205 vivit
1177 1175 1287 1213 astris,
1320 1176 1381 1208 sive
1414 1176 1507 1209 terris
1537 1176 1675 1220 pascitur

754 1227 796 1259 Et
824 1235 933 1269 specus
963 1224 1109 1268 quicquid
1137 1225 1295 1270 profunda
1324 1231 1518 1261 tartarorum
1548 1229 1688 1261 continet

752 1278 904 1313 Subditur
933 1279 988 1308 tuo
1016 1276 1198 1323 redemptor
1226 1280 1363 1323 glorioso
1391 1281 1522 1314 nomini.

798 1329 892 1373 Quod
920 1329 1002 1373 typis
1031 1331 1151 1376 Joseph
1181 1333 1300 1366 notavit
1327 1333 1459 1366 venditis
1488 1332 1619 1366 Pelusiis

752 1384 845 1427 Quod
870 1393 1005 1427 superna
1038 1385 1150 1418 missus
1180 1397 1252 1420 arce
1283 1386 1440 1419 nunciavit
1468 1385 1615 1429 angelus,

754 1440 796 1472 Et
823 1439 952 1471 cruenta
981 1439 1197 1483 comprobavit
1224 1440 1297 1473 inde
1326 1440 1522 1473 circuncisio.

799 1492 827 1524 O
854 1491 900 1526 tui
928 1489 1059 1524 dicenda
1090 1493 1166 1525 ε111511
1195 1492 1373 1526 sanctitudo
1402 1492 1554 1531 nominis,

752 1545 780 1577 Ο
807 1544 911 1586 imago
942 1546 1047 1576 sancta
1075 1546 1192 1588 patris,
1225 1544 1373 1590 splendor
1402 1548 1496 1588 atque
1525 1544 1640 1587 gloria,

752 1598 869 1630 Nostra
901 1596 1017 1636 virtus,
1048 1600 1156 1630 nostra
1182 1598 1261 1637 vita,
1297 1601 1405 1630 nostra
1429 1597 1585 1642 jubilatio.

798 1652 848 1684 Tu
877 1661 974 1695 genus
1003 1661 1194 1696 germenque
1221 1651 1339 1691 David,
1375 1656 1407 1685 et
1438 1661 1580 1696 propago
1604 1650 1732 1689 nobilis,

752 1704 847 1738 Stella
877 1703 1028 1738 matutina
1056 1703 1180 1744 lucens,
1213 1703 1418 1750 Pontifexque
1447 1704 1616 1743 maximus,

754 1757 845 1790 Unde
873 1757 962 1790 nobis
991 1756 1098 1801 prodit
1125 1758 1226 1791 omnis
1253 1758 1383 1798 veritas,
1416 1761 1448 1790 et
1481 1757 1593 1801 gratia.

799 1810 850 1841 Tu
877 1818 990 1853 parens
1014 1812 1046 1840 et
1072 1808 1239 1849 educator,
1270 1809 1357 1848 fons,
1385 1810 1492 1852 origo,
1527 1809 1681 1841 terminus

753 1863 902 1897 Omnium
933 1872 1134 1907 quaecumque
1163 1863 1259 1907 cingit
1286 1866 1372 1895 vasta
1396 1861 1503 1895 mundi
1528 1861 1682 1895 machina.

754 1917 854 1949 Natus
882 1919 954 1948 ante
984 1915 1071 1949 saecla
1096 1921 1206 1950 cuncta
1236 1915 1330 1950 corde
1358 1917 1457 1961 patris
1483 1915 1591 1949 coelici.

801 1969 901 2001 Natus
929 1967 961 1999 in
990 1968 1079 2001 saeclo
1103 1969 1222 2013 pudicae
1250 1973 1358 2002 ventre
1383 1979 1471 2002 sacro
1499 1968 1626 2012 virginis

752 2020 878 2054 Author
905 2021 975 2060 aevi,
1006 2024 1246 2066 temporumque
1275 2025 1380 2055 rector
1408 2021 1525 2065 absque
1553 2024 1694 2064 tempore

752 2075 794 2107 Et
821 2072 933 2113 decus,
965 2072 1145 2118 bonumque
1178 2085 1353 2113 summum,
1384 2085 1496 2118 perpes
1521 2077 1553 2106 et
1580 2071 1720 2106 foelicitas

798 2128 921 2170 Pauper
948 2126 1051 2169 alges,
1082 2130 1176 2171 atque
1204 2127 1309 2159 multis
1338 2127 1493 2170 spargeris
1521 2124 1686 2158 sudoribus

752 2179 793 2211 Et
820 2177 902 2211 fame
930 2188 1049 2223 pauper
1076 2181 1204 2224 sitique,
1235 2180 1392 2213 lachrimis
1421 2178 1636 2224 perfunderis,

754 2232 798 2264 Ut
825 2235 915 2264 tuum
944 2241 1058 2265 nomen
1086 2237 1228 2266 verentes
1252 2233 1373 2277 jugiter
1402 2233 1464 2266 sint
1492 2232 1613 2265 divites.

801 2282 946 2327 Legifer,
977 2288 1105 2328 pastor,
1136 2285 1301 2325 sacerdos,
1334 2296 1433 2329 agnus
1463 2285 1580 2329 absque
1607 2284 1736 2324 nevulo,

757 2336 820 2368 Pro
848 2336 892 2368 rei
922 2336 1020 2370 salute
1046 2338 1153 2371 mundi
1185 2349 1297 2383 magna
1326 2337 1425 2371 factus
1453 2338 1575 2377 hostia,

755 2389 920 2434 Sanguinis
948 2391 1026 2426 sacri
1054 2391 1174 2436 liquore
1201 2395 1309 2425 nostra
1336 2392 1433 2436 tergis
1462 2392 1602 2425 crimina.
