2372 3082
376 316 424 371 ,6

428 316 2239 414 &af-fflaemffifissaff

375 372 432 586 »ἢ

610 568 679 594 PER
728 552 807 591 Dm
847 566 1107 604 CLEMENTIAM,
1161 553 1268 593 alius
1319 567 1632 596 ADMINICULANTE
1680 573 1841 599 SUPERNI
1894 573 2001 599 REGIS
2070 584 2073 585 ν

609 633 840 669 CLEMENTIA,
876 619 983 659 alius
1018 634 1056 660 IN
1092 619 1166 660 Dm
1208 635 1375 671 NomiNE,
1414 635 1490 662 NON
1526 637 1614 662 nmis
1655 638 1801 664 MERms
1844 625 1999 676 Comsss,

607 684 681 724 alii
716 697 813 737 quae
848 698 945 739 pars
981 690 1042 724 est
1080 685 1204 739 longe
1239 686 1423 727 maxima
1469 687 1545 726 DEI
1575 702 1718 729 GRATIA
1754 690 1998 730 scriberent.

607 751 776 791 Veteres
800 749 1017 803 Principes
1052 764 1194 789 omnes
1227 751 1416 805 adusque
1450 752 1687 793 Robertum
1716 753 1895 793 Frisium
1923 754 2003 795 Co-

608 817 727 856 mites
782 829 832 854 ac
880 815 1145 854 Marchiones
1194 816 1541 858 nominabantur.
1593 820 1751 860 Frisius
1799 820 2004 874 illumque

607 882 758 923 deinde
787 881 917 920 secuti
943 882 1080 921 nescio
1110 896 1196 936 qua
1228 882 1279 922 de
1309 897 1436 922 causa
1465 884 1655 924 marchio
1685 885 1865 924 scribere
1895 885 2004 925 desi-

605 954 772 990 verunt.
808 948 900 988 Non
932 948 1132 1003 scripsere
1153 955 1296 988 tamen
1319 948 1447 989 COMES
1478 964 1525 990 Ac
1555 951 1741 991 MAnm-no
1771 951 1998 1001 FLANDRIAE,

606 1015 678 1055 sed
712 1014 841 1054 Comsss
882 1029 926 1052 ET
966 1014 1148 1054 MARCHIO
1186 1016 1415 1064 duntaxat,
1459 1029 1597 1069 neque
1634 1030 1707 1054 rex
1742 1016 1787 1054 in
1827 1016 1910 1055 suis
1949 1015 2003 1055 ad

606 1079 699 1118 illos
727 1078 859 1117 literis
894 1076 1036 1117 Commu
1071 1078 1283 1118 scribebat
1309 1080 1538 1130 FLANnmAE,
1577 1081 1648 1120 sed
1684 1080 1828 1120 COMITI
1864 1095 2001 1121 Nosrm

608 1159 738 1184 REGNI.
772 1144 1005 1184 Balduinus
1036 1145 1134 1184 Pius
1165 1159 1214 1184 ex
1244 1145 1389 1199 primis
1421 1144 1546 1184 fuisse
1567 1151 1762 1199 putatur,
1797 1146 1871 1199 qui
1901 1146 2002 1185 scri-

603 1210 703 1249 bere
735 1216 953 1263 coeperunt
977 1208 1105 1249 Coiffls
1127 1210 1357 1250 FLANnmAE.
1388 1211 1651 1251 Marchiones
1679 1213 1868 1265 equitum
1891 1226 2002 1266 prae-

601 1273 744 1314 fectos‚
783 1273 976 1313 Marchas
1013 1274 1078 1314 vel
1114 1288 1242 1328 equos
1278 1275 1344 1315 vel
1390 1289 1595 1329 equorum
1641 1276 1830 1330 regiones
1870 1277 2002 1317 dictas

603 1338 777 1392 quidam
798 1343 966 1391 putant.
1001 1337 1182 1378 Comites
1214 1339 1430 1378 Flandriae
1461 1340 1697 1393 antiquitus
1726 1340 1844 1379 fuere
1875 1341 2003 1380 etiam

602 1403 814 1457 principes
861 1403 967 1442 sacri
1012 1402 1192 1457 imperii.
1242 1403 1417 1443 Constat
1461 1418 1647 1458 namque
1692 1405 1754 1445 ita
1794 1405 2003 1459 scripsisse

602 1468 859 1508 Balduinum
888 1469 1022 1508 filium
1053 1469 1252 1509 Balduini
1280 1470 1469 1510 Insulani
1490 1471 1584 1511 vivo
1610 1477 1745 1525 patre,
1770 1470 2002 1511 Comitatus

602 1533 830 1573 Alostensis
852 1547 970 1587 ergO,
1002 1548 1126 1587 quem
1149 1541 1269 1588 pater
1290 1535 1352 1574 illi
1373 1537 1710 1589 transcripserat.
1739 1537 1854 1588 Quin
1875 1538 2002 1577 etiam

601 1596 800 1637 Albertus
840 1596 980 1637 Caesar
1021 1612 1116 1637 cum
1154 1612 1266 1638 anno
1312 1599 1532 1639 millesimo
1564 1600 1849 1639 ducentesimo
1885 1615 2001 1641 sexa-

601 1664 756 1720 gesimo
787 1665 990 1715 secundo,
1031 1664 1267 1705 Guidonem
1305 1665 1511 1705 Comitem
1550 1666 1763 1706 Flandriae
1798 1667 1843 1706 in
1877 1667 2002 1707 fidem

601 1731 829 1785 acciperet,
857 1731 1097 1786 Principem
1125 1732 1233 1772 sacri
1256 1731 1422 1785 imperii
1443 1731 1685 1785 appellavit.
1710 1731 1842 1771 Porro
1868 1732 2001 1773 Maxi-

601 1797 797 1836 milianus
834 1796 975 1836 Caesar
1004 1798 1252 1851 Philippum
1283 1797 1417 1836 filium
1449 1796 1785 1848 commonefecit,
1820 1804 1868 1838 ut
1898 1798 2000 1838 scri—

601 1860 719 1900 beret
749 1861 941 1901 PRINCEPs
971 1876 1015 1901 ET
1043 1860 1171 1901 Coiffls
1200 1862 1441 1910 FLANnmAE,
1475 1860 1710 1914 praedicans
1741 1875 1783 1900 se
1812 1862 1858 1901 in
1886 1868 1999 1903 vete-

599 1926 714 1966 ribus
745 1927 955 1966 memoriis
989 1927 1050 1967 ita
1080 1928 1282 1981 scriptum
1310 1927 1523 1980 reperisse.

554 1986 558 1988 ⁸
658 1991 763 2031 Cum
797 1991 1075 2045 profitebatur
1105 2006 1234 2031 novus
1265 1990 1409 2031 Comes
1444 2004 1485 2031 se
1527 1993 1636 2046 regis
1667 1992 1992 2044 Beneficiarum,

599 2063 726 2112 atque
745 2058 790 2096 in
812 2056 996 2112 ejusdem
1012 2057 1190 2113 jurabat
1210 2057 1359 2107 verba,
1395 2057 1504 2097 nihil
1532 2059 1729 2113 persolvit
1759 2059 1885 2113 Regi,
1925 2061 1997 2100 sed

599 2122 686 2178 ejus
726 2122 940 2172 tunicam,
982 2123 1161 2177 pileum,
1204 2136 1373 2173 zonam,
1422 2137 1686 2174 crumenam,
1731 2130 1771 2163 et
1807 2124 1995 2178 gladium

597 2189 778 2228 ministri
807 2188 910 2241 regii
943 2188 987 2227 in
1017 2202 1105 2228 rein
1137 2202 1256 2228 suam
1288 2195 1518 2230 verterunt.
1554 2190 1745 2241 Quatuor
1768 2190 1860 2246 jam
1896 2191 1995 2230 inde

596 2255 650 2295 ab
666 2255 810 2304 initio,
830 2254 944 2307 regio
961 2267 1094 2304 more,
1116 2253 1349 2308 praecipuos
1371 2254 1521 2294 habuit
1539 2254 1683 2295 Comes
1701 2255 1989 2309 magistratus,

596 2319 925 2369 Cancellarium,
955 2319 1201 2374 Magistrum
1233 2318 1443 2373 equitum,
1481 2317 1818 2369 Cubicularium,
1854 2319 1990 2359 Pocil-

594 2386 769 2426 latorem
787 2418 799 2438 ,
848 2386 962 2441 iique
1012 2386 1136 2441 vulgo
1184 2385 1285 2427 dicti
1332 2391 1429 2426 sunt
1473 2385 1764 2426 ministeriales
1816 2386 1984 2435 domus,

2171 2409 2226 2619 §Q
