2372 3082
381 2410 436 2681 saras-2»
409 2119 413 2397 „ww-—

1287 339 1371 380 (112)

898 528 926 561 Ο
953 537 1045 570 quam
1074 525 1162 559 dulce
1185 525 1241 558 tibi
1266 525 1353 559 labra
1378 527 1508 560 virentia

1035 579 1139 613 Sacris
1162 589 1307 623 mergere
1330 579 1483 615 fontibus,

897 636 974 677 Quae
996 645 1084 668 meus
1109 645 1176 668 esse
1204 638 1298 678 queat
1325 645 1429 680 quaeso
1453 634 1594 674 heatior,

896 689 999 730 Quam
1027 699 1095 732 quae
1123 686 1262 721 stelliferi
1289 698 1362 721 rore
1385 688 1490 721 madet
1516 689 1578 733 poli

894 742 936 774 Et
963 752 996 774 se
1018 741 1088 774 laeta
1112 741 1212 785 replet
1236 740 1324 773 valde
1353 741 1488 775 suaviter

1036 795 1127 828 Dulci
1154 797 1280 827 nectare
1310 794 1463 838 spiritus?

898 848 1069 891 Postquam
1093 846 1231 891 syderias
1255 848 1430 892 Ansgarius
1455 847 1565 882 domos

896 901 1040 941 Scanfflt,
1067 905 1099 935 te
1121 902 1255 946 populus
1283 903 1463 947 pontificem
1490 902 1567 947 legit

896 956 938 988 Et
962 966 1056 988 sacrae
1080 954 1236 989 cathedrae
1259 958 1364 990 'munia
1388 957 1518 1002 suscipis

1033 1009 1143 1041 Tantis
1173 1008 1285 1053 dignus
1314 1010 1500 1044 honoribus.

892 1063 1057 1096 Virtutum
1085 1063 1224 1096 numeris
1251 1062 1400 1108 praeditus
1429 1062 1574 1096 omnibus

893 1115 1056 1155 Prudens,
1088 1120 1120 1148 et
1146 1116 1293 1160 vigilans,
1325 1115 1465 1156 sobrius,
1492 1116 1630 1160 integer,

894 1169 1090 1212 Insignisque
1116 1168 1194 1209 fide,
1225 1168 1330 1201 multis
1355 1168 1440 1213 jugis
1466 1168 1557 1202 bonis

1034 1222 1179 1254 Bremam
1208 1220 1354 1254 nobilitas
1379 1225 1478 1255 tuam.

895 1277 1009 1309 Pastor
1035 1273 1205 1314 sollicitus,
1232 1273 1344 1307 doctor
1371 1277 1403 1307 et
1429 1275 1563 1320 impiger

894 1329 1001 1362 Vitam
1027 1338 1150 1372 semper
1174 1327 1240 1370 agis
1263 1326 1403 1371 praesulis
1431 1329 1542 1372 optimi

895 1381 1081 1425 Dilectoque
1105 1380 1193 1425 gregi
1221 1379 1302 1414 facta
1330 1392 1388 1426 per
1414 1382 1517 1416 omnia

1033 1437 1099 1469 Das
1126 1435 1267 1480 exempla
1295 1435 1443 1469 salubria.

896 1488 1041 1522 Laudant
1067 1488 1125 1522 sub
1152 1487 1255 1532 gelido
1280 1487 1405 1521 cardine
1421 1489 1575 1529 Saxones,

893 1543 940 1574 Te
968 1552 1044 1586 gens
1073 1541 1220 1574 terribilis
1248 1540 1413 1583 Cymbrica
1441 1541 1592 1584 praedicat

895 1595 1091 1639 Miraturque
1119 1594 1208 1627 Getis
1236 1598 1327 1627 natus
1351 1594 1382 1626 in
1412 1594 1528 1628 ultimis

1036 1650 1140 1682 Mores
1164 1649 1272 1682 Danus
1299 1647 1458 1681 amabiles.

898 1702 927 1735 O
952 1701 1094 1736 doctrina
1124 1706 1237 1746 potens
1267 1705 1434 1746 sanctaque
1459 1703 1572 1736 veritas

898 1757 927 1790 O
956 1756 1096 1791 miranda
1121 1757 1197 1790 fides
1222 1755 1349 1791 flectere
1377 1755 1479 1790 devias

900 1811 1022 1843 Mentes
1051 1821 1119 1854 quae
1147 1809 1257 1848 valuit,
1287 1809 1426 1852 collaque
1454 1808 1589 1842 barbara

1033 1862 1313 1897 Sacrum'mittere
1341 1861 1399 1895 sub
1423 1861 1549 1905 jugum.

897 1915 1033 1950 Hostiles
1062 1915 1181 1960 gladios
1210 1918 1382 1959 exuperant
1408 1923 1517 1957 preces

896 1970 1128 2013 Depelluntque
1156 1968 1267 2013 procul
1291 1967 1448 2001 daemonas
1477 1966 1623 2000 horridos

898 2023 1040 2057 Imbutos
1069 2023 1137 2056 oleo
1163 2022 1290 2055 dextera
1319 2021 1481 2055 morbidos

1034 2074 1157 2109 Gaudet
1183 2076 1315 2110 reddere
1344 2076 1488 2120 sospites.

896 2128 973 2171 Quis
997 2127 1098 2172 dignis
1122 2130 1240 2173 poterit
1266 2128 1407 2162 cantibus
1431 2129 1578 2172 assequi?

895 2182 996 2222 Quam
1020 2181 1126 2225 largus
1153 2180 1250 2215 fueris
1274 2192 1397 2226 semper
1424 2180 1587 2225 egentibus

896 2235 1040 2280 Captivos
1071 2235 1201 2269 miseros
1227 2240 1340 2280 quotve
1371 2235 1543 2269 redemeris

1033 2290 1143 2334 Longo
1174 2299 1298 2322 carcere
1323 2287 1502 2333 squalidos?

893 2341 1050 2376 Obscuras
1076 2342 1204 2375 nebulas
1230 2343 1313 2376 inter
1336 2345 1373 2376 ut
1397 2341 1510 2375 emicat

893 2395 1045 2430 Gaudenti
1069 2396 1146 2431 facie
1175 2395 1284 2430 lucifer
1309 2406 1439 2436 aureus,
