2372 3082
153 320 208 494 §eff

1042 335 1122 375 (133)

618 555 702 587 Dum
730 555 897 598 quaterent
925 553 1005 586 Latii
1031 552 1138 597 gallica
1168 565 1240 599 gesa
1268 559 1380 601 caput,

573 606 724 639 Luxuries
751 610 892 639 veterum
919 605 995 638 mihi
1022 606 1280 652 Phoenicopterus
1305 608 1414 653 ingens

617 659 774 698 Ponatur,
808 660 921 692 Petaso
950 659 1078 692 musteis
1105 658 1177 692 inde
1202 661 1294 704 sapit.

573 763 672 794 Posco
701 761 830 794 Scarum
858 770 973 794 mensae
998 762 1112 805 apponi
1140 761 1312 807 Mulunque
1341 759 1494 797 trilibrem

617 816 659 847 Et
686 814 784 848 latum
814 813 994 847 Rhombum
1021 814 1083 847 lata
1109 815 1222 859 patella
1255 820 1363 860 gerat,

571 870 612 901 Et
641 869 721 913 sapit
745 869 777 902 in
804 868 874 902 Nilo
903 868 954 912 qui
980 868 1103 912 pinguit
1130 880 1220 902 amne
1248 870 1367 903 Silurus

616 922 763 966 Salsaque
791 921 939 955 Abidenis
969 923 1082 955 Ostrea
1109 920 1188 953 lecta
1213 921 1317 961 vadis,

570 978 612 1009 Et
636 980 741 1009 suetus
768 975 876 1008 mediae
906 976 1019 1020 criptas
1048 978 1213 1019 penetrare
1242 975 1380 1009 saburrae

617 1029 746 1061 Fereula
780 1029 928 1060 Romanis
958 1028 1120 1065 deliciosa,
1148 1028 1239 1071 lupus

568 1079 670 1112 Altilis
699 1090 735 1112 ex
762 1079 826 1112 alto
852 1078 963 1123 pelago
991 1089 1120 1112 murena
1149 1082 1302 1123 coquatur

613 1132 728 1175 Capta,
757 1129 805 1164 vel
832 1130 864 1164 in
893 1129 974 1164 dulci
999 1128 1126 1166 flumine
1149 1137 1221 1166 nata
1245 1133 1359 1166 minor.

567 1234 688 1277 Inclyta
714 1232 826 1277 glande
850 1236 904 1265 tuo
929 1236 1037 1277 pastus
1072 1234 1210 1269 vindalia
1240 1240 1328 1280 septo

614 1290 761 1321 Incurvet
785 1287 924 1331 patinam
948 1285 1087 1331 pondere
1113 1291 1198 1320 totus
1227 1297 1319 1331 aper,

567 1342 713 1375 Cervinas
738 1340 847 1386 sapido
877 1351 985 1373 carnes
1014 1340 1091 1374 mihi
1114 1341 1187 1385 jure
1213 1341 1317 1386 parari

612 1394 775 1439 Optarim,
806 1403 845 1425 ne
870 1393 909 1425 sit
937 1393 1059 1437 quando
1087 1395 1217 1428 molesta
1243 1394 1338 1428 febris
1347 1408 1356 1437 ;

566 1449 597 1482 Si
625 1449 729 1482 mittas
758 1448 897 1492 leporem
928 1451 1035 1491 gratus
1065 1447 1140 1479 mihi
1168 1447 1287 1480 venerit
1313 1446 1382 1487 ille,

612 1502 777 1535 Convivam
805 1501 871 1533 fieri
899 1504 930 1533 tc
958 1511 1081 1545 quoque
1107 1509 1202 1543 posco
1232 1509 1355 1538 meum,

567 1554 724 1597 Excipiam
754 1552 837 1584 laute
860 1550 979 1595 lepidos
1005 1563 1074 1583 cum
1098 1552 1203 1594 largus
1231 1552 1346 1584 amicos

613 1606 674 1637 Bos
700 1603 753 1637 ubi
782 1606 934 1636 mactatus
962 1601 1079 1635 fercula
1110 1603 1208 1636 multa
1231 1602 1336 1643 dabit,

567 1658 694 1691 Gratior
721 1656 863 1689 advenies
885 1656 909 1688 si
941 1654 1023 1689 forte
1047 1656 1213 1689 Cuniculus
1240 1656 1283 1689 illi

613 1709 773 1749 Addatur‚
804 1708 889 1742 fosso
916 1707 1020 1752 praeda
1048 1709 1146 1752 petita
1174 1719 1280 1753 specu.

569 1801 610 1833 Et
637 1800 758 1844 cyathi,
787 1799 915 1839 calices,
940 1802 1073 1843 paterae,
1105 1799 1196 1832 simul
1220 1798 1372 1844 amphora
1402 1799 1493 1845 plena

612 1853 776 1887 Fundatur
804 1852 921 1886 Bromii
953 1863 1082 1885 munere
1105 1864 1186 1898 saepe
1209 1854 1268 1887 Dei

568 1907 596 1940 Ο
626 1907 747 1940 utinam
776 1906 839 1938 lato
872 1905 1013 1938 Setinum
1040 1911 1163 1950 spumet
1187 1908 1219 1940 in
1246 1908 1333 1941 Auro

612 1962 690 1994 Post
718 1960 898 2002 niveamque
927 1957 1031 1991 bibam
1060 1958 1183 1992 Cecuba
1208 1958 1296 1992 laetus
1322 1969 1433 2003 aquam

567 2016 608 2047 Et
635 2016 777 2047 tumeant
808 2012 887 2045 Chio
915 2012 1013 2056 plaene
1041 2009 1256 2053 chrysendeta
1283 2011 1354 2043 vino

613 2068 655 2099 Et
681 2066 823 2110 repleant
848 2064 996 2108 pulchros
1021 2063 1151 2097 Lesbica
1179 2073 1250 2096 cara
1276 2063 1394 2107 cyphos

568 2121 644 2152 Lata
671 2122 759 2151 tuum
784 2116 899 2150 Phialis
930 2117 1097 2161 Campania
1124 2126 1234 2160 prome
1257 2115 1410 2150 falernum

613 2170 727 2204 Sessile
753 2168 907 2213 completo
936 2169 1085 2202 Massicus
1112 2168 1346 2214 OEnophorum

569 2225 741 2269 Hispanum
768 2222 893 2256 tumidis
923 2223 1007 2255 Betis
1034 2233 1157 2268 quoque
1185 2224 1319 2258 destinet
1339 2224 1404 2258 uvis

614 2278 820 2320 Expressum,
851 2274 994 2308 Lacubus
1018 2275 1165 2310 Corduba
1194 2276 1256 2309 sive
1277 2277 1355 2316 tuis,

568 2331 609 2362 Et
634 2340 719 2362 mera
747 2340 814 2374 quae
837 2328 936 2374 rapidi
961 2329 1047 2373 large
1071 2328 1150 2362 bibit
1174 2327 1276 2361 accola
1302 2327 1404 2362 Rheni

616 2383 643 2414 A
673 2381 760 2425 cujus
788 2380 870 2415 fluvii
898 2381 1024 2416 nomine
1051 2391 1166 2416 nomen
1193 2379 1329 2415 habent:
