2372 3082
152 348 1102 414 {ffaw-ss-——ae-——ae-(ssv)
1120 323 1965 378 ff—&g

385 581 485 637 Ejus
506 586 631 619 terrae
649 590 746 630 ergo
763 586 897 614 comes
912 566 1160 609 Flandricus
1180 564 1379 616 Princeps
1399 558 1554 600 dicitur
1573 570 1622 596 ac
1641 556 1772 595 bene-

385 645 566 686 ficiarius
596 641 711 683 Sacri
740 636 924 691 Imperii.
957 634 1057 672 Haec
1081 630 1294 671 Flandriae
1316 626 1553 682 appellatur
1570 622 1774 662 Domina-

385 716 467 750 tus.
493 708 682 748 Partitur
701 714 885 754 namque
900 695 1103 737 Flandria
1122 695 1166 733 in
1183 693 1437 732 Comitatum
1448 720 1458 738 ‚
1482 687 1770 736 ffiminatum,

386 779 427 813 et
451 770 688 825 Proprium.
722 765 954 805 Comitatus
983 760 1037 799 ab
1063 758 1290 798 Dominatu
1323 753 1470 794 Scalde
1501 749 1771 798 discernitur,

386 837 690 893 subjiciturque
706 830 937 872 Comitatus
953 838 1098 878 regum
1111 823 1358 864 Dominatus
1373 817 1565 872 imperio.
1586 816 1777 867 Quatuor

386 910 528 944 tamen
563 900 719 949 officia,
749 896 920 944 Wasia,
953 903 1136 945 agerque
1171 887 1238 927 cui
1273 882 1587 925 Transcaldano
1623 891 1777 917 nomen

387 982 481 1007 cum
503 971 622 1021 parte
643 962 734 1016 agri
763 954 1163 999 Teneremondensis
1188 951 1288 989 licet
1308 946 1568 988 cisscaldana
1590 944 1674 982 sint
1693 943 1778 981 Do-

386 1031 566 1073 minatui
595 1027 941 1071 contribuuntur,
980 1020 1296 1073 parueruntque
1321 1009 1554 1062 antiquitus
1578 1006 1774 1059 Imperio.

385 1096 608 1151 Proprium
634 1092 822 1133 continet
847 1081 1227 1128 Teneremondam,
1249 1074 1427 1117 Gerardi
1446 1073 1651 1121 Montem,
1676 1071 1780 1110 Bor-

386 1161 541 1201 noham
556 1189 567 1208 ,
602 1170 699 1211 quae
730 1154 888 1209 optimo
911 1149 1008 1206 jure
1043 1145 1216 1201 propria
1251 1156 1300 1182 ac
1334 1139 1441 1180 nulli
1477 1137 1665 1189 obligata
1695 1148 1781 1175 esse

388 1226 634 1267 traduntur.
663 1222 847 1261 Flobeca
870 1232 919 1257 ac
942 1212 1131 1255 Lessinia
1157 1206 1366 1249 Flandriae
1393 1200 1782 1253 Aldenardensique

391 1290 601 1332 territorio
632 1286 865 1340 antiquitus
886 1280 1139 1322 contributae
1160 1275 1213 1316 ob
1238 1269 1536 1313 controversias
1561 1267 1613 1306 de
1635 1266 1782 1306 iisdem

389 1357 500 1396 inter
529 1354 739 1410 principes
769 1349 1049 1389 Flandrorum
1084 1338 1441 1388 Hannoniumque
1474 1333 1647 1372 minime
1685 1343 1781 1369 raro

390 1427 523 1469 ortas,
547 1418 693 1473 positae
713 1420 811 1455 sunt
836 1413 950 1453 velut
970 1411 1015 1449 in
1039 1407 1244 1453 medium,
1275 1416 1325 1442 ac
1353 1406 1478 1439 terrae
1507 1402 1784 1436 controversae

391 1486 514 1525 dictae
549 1482 816 1538 principique
856 1475 1069 1532 applicitae
1108 1468 1295 1509 Senatui.
1345 1463 1478 1504 Simul
1516 1458 1786 1500 Mechliniam

390 1548 624 1588 Ludovieus
650 1546 840 1585 Malanus
866 1538 1080 1579 Flandriae
1111 1532 1326 1588 adjunxit,
1356 1541 1484 1582 quam
1510 1530 1653 1579 postea
1682 1522 1787 1562 Phi-

390 1615 528 1668 lippus
557 1613 693 1652 bonus
721 1611 960 1662 separatum
989 1600 1122 1641 voluit
1148 1611 1198 1637 ac
1217 1607 1373 1648 magno
1405 1590 1653 1631 attributam
1674 1585 1786 1626 Con-

392 1678 488 1718 cilio
496 1708 504 1716 .

452 1805 610 1847 Scaldis
635 1803 785 1843 fluvius
817 1813 891 1854 per
920 1802 1124 1837 extremas
1150 1796 1290 1846 partes
1320 1786 1445 1840 sylvae
1474 1781 1717 1821 Arduennae
1740 1781 1786 1819 in

396 1873 550 1912 Mosam
568 1867 793 1916 influebat,
813 1871 860 1904 ut
876 1862 1016 1903 videre
1036 1864 1097 1898 est
1119 1856 1232 1911 apud
1249 1851 1423 1893 Caesaris
1445 1846 1783 1888 commentarios.

395 1939 515 1978 Nunc
564 1939 706 1973 autem
756 1930 969 1970 submersa
1015 1922 1165 1964 fervidi
1205 1918 1332 1959 maris
1371 1914 1582 1955 alluvione
1622 1910 1788 1964 antiqui

397 2002 548 2043 littoris
572 2014 666 2049 ora,
691 1998 805 2052 prius
826 1996 870 2034 in
891 1993 1106 2033 Oceanum
1130 1985 1359 2027 effunditur
1379 1993 1507 2036 quam
1529 1977 1654 2017 Mosae
1675 1989 1789 2015 com-

399 2069 636 2107 misceatur.
657 2066 814 2104 Extant
829 2060 953 2101 hodie
968 2058 1031 2098 uti
1051 2069 1127 2109 ego
1148 2051 1290 2104 accepi
1307 2063 1393 2089 non
1414 2044 1560 2100 procul
1577 2042 1789 2082 Dordraco

400 2132 514 2170 haud
548 2131 725 2169 obscura
751 2126 926 2179 vestigia
956 2120 1104 2162 veteris
1131 2116 1236 2158 alvei
1262 2127 1345 2168 quo
1375 2113 1420 2151 in
1449 2109 1606 2148 Mosam
1631 2106 1789 2146 Scaldis

402 2196 665 2237 decurrebat.
697 2193 775 2232 Hic
804 2189 917 2246 apud
936 2187 1198 2227 Ptolomeum
1222 2178 1403 2220 Tabulla
1422 2175 1505 2215 dici
1528 2173 1711 2220 videtur,
1736 2169 1790 2209 ab

403 2261 594 2302 extremis
633 2253 1065 2299 Samarobrinensium
1102 2248 1255 2288 finibus
1291 2241 1582 2287 valentianas,
1607 2237 1790 2278 More-ta-

403 2329 537 2378 niam,
571 2326 831 2371 Tornaeum,
867 2316 1171 2363 Aldcnardam,
1206 2309 1476 2355 Gandavum,
1507 2304 1790 2344 Teneremon-

405 2393 521 2442 dam,
555 2396 595 2430 et
624 2387 931 2440 Andoverpiam
966 2378 1186 2422 interfluit.
1225 2371 1371 2416 Oritur
1405 2373 1450 2412 in
1484 2364 1788 2410 Samarobrinis
