2372 3082
426 353 2012 414 ——---———————(ss1>———————w-24§ffie÷

1976 447 1995 549 ζ

380 594 463 641 sos,
498 593 548 619 ac
579 579 703 620 bonae
733 580 866 634 magis
897 579 1027 636 frugi:
1063 596 1177 622 nunc
1208 583 1254 624 in
1283 585 1373 624 ocio
1403 598 1453 625 ac
1482 586 1610 640 longa
1641 601 1764 642 pace,

379 644 575 684 affluente
606 644 845 685 divitiarum
874 646 1018 699 copia,
1049 646 1277 699 plurimum
1298 649 1352 688 ab
1373 655 1509 690 vetere
1537 651 1611 690 illa
1629 652 1769 692 indole

377 708 615 762 virtuteque
659 709 891 762 complures
934 708 1207 763 degenerare,
1246 727 1295 752 ac
1334 715 1521 766 lascivia,
1565 717 1764 767 avaritia,

379 772 592 825 superbia,
627 772 856 812 ambitione
887 777 1112 828 corrumpi.
1151 778 1218 818 Ad
1255 779 1349 820 haeo
1384 780 1619 835 plaerosque
1649 782 1769 822 adul-

376 837 508 888 teriis,
535 852 630 892 quae
651 837 824 878 fuissent
843 838 943 877 olim
963 839 1095 880 multo
1116 843 1296 894 rariora,
1320 845 1517 884 vilescere
1538 845 1770 885 effoemina-

375 903 515 958 rique,
558 910 599 943 et
638 918 846 958 nusquam
881 905 1046 958 turpius
1082 919 1241 946 eversas
1281 921 1366 947 esse
1400 908 1508 962 leges
1552 914 1679 962 atque
1722 909 1767 949 in

375 968 589 1008 adulteriis
607 969 860 1008 coercendis.
885 968 1111 1010 Refrixisse
1126 971 1302 1011 nimium
1321 972 1448 1025 (proh
1462 973 1615 1025 dolor),
1637 987 1766 1013 sacer-

374 1033 476 1073 dotii
492 1033 812 1073 sanctimoniam
824 1064 835 1083 ,
855 1034 1008 1073 mirum
1025 1039 1232 1088 quantum
1253 1047 1300 1073 eo
1321 1034 1366 1072 in
1386 1035 1533 1074 ordine
1549 1037 1765 1076 remissum

372 1098 423 1137 de
453 1099 590 1153 prisca
618 1099 692 1138 illa
722 1100 991 1154 simplicitate
1022 1106 1063 1140 et
1087 1098 1348 1148 innocentia,
1381 1097 1626 1152 sinceroque
1654 1114 1763 1140 verae

369 1161 536 1215 pietatis
558 1162 722 1202 ardore.
756 1162 925 1203 Victum
957 1163 1191 1217 antiquitus
1222 1164 1365 1203 litibus
1395 1164 1519 1217 longe
1549 1165 1761 1218 pauciori-

368 1226 464 1278 bus,
505 1229 806 1269 controversias
835 1229 948 1268 intra
977 1229 1156 1282 parietes
1185 1228 1309 1281 vulgo
1339 1227 1565 1282 diremptas
1591 1243 1762 1284 compo-

368 1293 550 1348 sitasque
570 1295 777 1334 bonorum
793 1294 977 1334 virorum
994 1292 1182 1334 arbitrio.
1202 1290 1463 1345 Enlptiones,
1483 1293 1755 1345 venditiones,

368 1371 417 1396 ac
438 1363 590 1397 caetera
611 1363 816 1397 conventa
837 1371 911 1411 per
927 1357 1032 1396 solos
1048 1363 1190 1406 testes,
1216 1370 1265 1396 ac
1286 1356 1374 1396 sine
1394 1357 1475 1396 illis
1496 1358 1758 1412 plaerumque

367 1420 477 1461 bona
507 1422 683 1462 invicem
716 1421 798 1460 fide
831 1427 1058 1461 transacta.
1094 1421 1214 1460 Nunc
1249 1426 1389 1460 autem
1419 1435 1582 1461 necesse
1616 1423 1758 1463 omnia

364 1486 518 1526 tabulis
535 1502 584 1527 ac
605 1486 853 1542 syngraphis
875 1486 1135 1536 confirmari,
1161 1486 1213 1525 ob
1235 1486 1396 1525 nullam
1417 1486 1548 1540 magis
1570 1501 1753 1538 causam,

365 1556 492 1604 atque
514 1552 568 1590 ob
590 1551 731 1590 dolum
752 1551 930 1599 malum,
956 1550 1075 1605 cujus
1098 1550 1275 1605 majores
1299 1557 1460 1590 nostros
1480 1552 1612 1591 multo
1633 1552 1757 1593 fuisse

362 1615 664 1654 insolentiores.
709 1614 882 1654 Latinas
927 1620 1053 1668 atque
1100 1616 1202 1655 adeo
1250 1614 1417 1656 Graecas
1458 1616 1598 1656 literas
1643 1617 1755 1658 bona

360 1694 455 1734 pars
477 1695 590 1720 nunc
621 1685 784 1731 amant,
820 1686 946 1733 atque
966 1680 1178 1733 impendio
1199 1680 1360 1729 colunt,
1385 1680 1456 1719 sed
1476 1695 1561 1720 non
1581 1681 1754 1735 perinde

362 1758 502 1784 omnes
532 1746 576 1785 in
601 1745 682 1784 illis
713 1750 996 1799 perseverant,
1033 1744 1086 1783 ob
1117 1757 1208 1783 eam
1240 1744 1404 1797 (credo)
1432 1758 1620 1795 causam,
1651 1746 1753 1799 quia

361 1814 449 1848 tam
495 1823 590 1848 raro
638 1809 891 1863 optimarum
940 1822 1080 1847 rerum
1130 1807 1274 1847 studiis
1311 1806 1428 1862 justa
1472 1809 1752 1862 respondeant

362 1875 549 1928 praemia.
584 1874 720 1914 Habet
756 1874 837 1914 hac
867 1879 991 1913 aetate
1022 1872 1054 1911 F
1058 1873 1226 1912 landria
1253 1873 1361 1913 viros
1391 1874 1619 1927 permultos
1650 1875 1750 1914 doc-

359 1939 472 1979 trina
491 1939 681 1993 apprime
703 1938 899 1991 insignes.
920 1937 969 1976 In
996 1937 1148 1990 quibus
1170 1938 1332 1978 Judoco
1354 1938 1570 1979 Clithoveo
1584 1971 1595 1989 ,
1616 1940 1748 1981 Judo-

358 2019 405 2044 co
431 2005 582 2054 Badio,
616 2004 771 2044 ‚Ioanni
801 2002 1092 2058 DespauteriO,
1128 2005 1202 2058 qui
1239 2019 1374 2059 nuper
1405 2005 1607 2045 concessit
1637 2006 1742 2056 fato,

357 2069 549 2108 Cornelio
565 2068 771 2122 Sceppero
779 2098 791 2118 ,
810 2067 965 2106 Joanni
983 2067 1178 2109 Straselio
1195 2071 1461 2124 amplissimae
1477 2073 1562 2125 spei
1573 2071 1740 2126 juveni,

355 2133 509 2186 primas
530 2133 678 2172 merito
709 2131 945 2171 deferimus.

411 2199 594 2238 Tantum
629 2198 781 2237 etenim
813 2211 926 2237 nunc
956 2197 1076 2237 floret
1110 2212 1183 2252 per
1218 2197 1461 2238 Flandriam
1498 2213 1618 2239 omne
1649 2200 1742 2240 lite-

353 2276 495 2302 rarum
541 2262 742 2311 studium,
791 2267 933 2301 tantus
979 2262 1294 2317 disciplinarum
1330 2277 1466 2313 amor,
1507 2270 1553 2304 ut
1588 2265 1654 2304 vix
1688 2265 1741 2304 sit

353 2327 550 2381 oppidum
587 2331 660 2365 aut
694 2326 827 2377 vicus,
867 2327 970 2380 quin
1005 2329 1223 2382 magistros
1254 2328 1410 2368 habeat
1441 2329 1528 2369 ludi
1564 2330 1737 2370 literarii

349 2393 521 2447 insignis
552 2391 814 2443 eruditionis,
849 2406 953 2447 quos
982 2408 1223 2448 percensere
1252 2408 1392 2434 omnes
1402 2426 1412 2445 ,
1445 2409 1522 2434 nec
1551 2410 1731 2449 possem,

127 2481 164 2583 >f

114 2569 169 2657 ἐξ
1916 2598 1926 2612 i
1950 2609 1967 2636 ε’

115 2660 216 2680 ‘sapas
1420 2658 1444 2682 ll
1872 2672 1887 2683 J
1907 2672 1929 2682 σ,
