2372 3082
140 406 158 426 (o

1967 2507 1972 2521 ί

1960 2524 1975 2552 h

124 2616 387 2674 ξηεὲξὲὶᾎα
1707 2621 1972 2681 &ff

360 572 623 622 Casletanus,
662 572 779 613 Mons
810 571 1049 622 Cattorum,
1092 572 1209 613 Mons
1238 571 1381 625 Niger,
1422 572 1539 612 Mons
1575 577 1742 620 acutus,

359 637 476 676 Mons
519 634 695 676 Gerardi
729 642 770 676 et
803 636 920 675 Mons
959 637 1176 676 Trinitatis
1217 637 1445 676 secundum
1488 636 1742 676 Tornacum.

359 700 504 754 Ignem
526 700 674 739 alimus
702 700 867 754 optimis
901 701 1045 753 lignis,
1080 713 1258 753 quorum
1287 700 1444 753 ubique
1472 715 1629 754 magna
1649 701 1748 741 satis

361 764 501 817 copia,
531 769 814 817 praeterquam
845 764 891 803 in
923 763 1165 812 maritimis,
1189 762 1261 801 ubi
1282 762 1520 817 caespitibus
1542 768 1745 814 utuntur,

361 843 409 869 ac
446 830 586 883 nigras
617 834 822 883 praeterea
854 830 1210 882 bituminosasque
1242 828 1417 881 (darino
1445 830 1616 883 vocant)
1649 830 1750 869 effo-

362 892 484 932 diunt
514 893 676 946 glebaS‚
715 893 947 946 gravissimi
977 909 1099 945 sane,
1135 895 1215 934 nisi
1245 908 1451 934 assuescas
1480 895 1636 945 odoris,
1675 895 1749 935 ubi

362 963 403 997 et
448 957 716 997 straminibus
753 973 828 998 nec
863 974 948 999 non
984 965 1025 998 et
1059 960 1188 999 boum
1221 960 1492 999 excrementis
1528 960 1582 999 ad
1621 960 1749 999 solem

363 1022 525 1061 siccatis
551 1020 690 1058 focum
710 1021 940 1061 instruunt.
972 1022 1251 1075 Permagnam
1278 1022 1417 1061 videas
1439 1023 1745 1075 pomariorum,

361 1086 598 1135 hortorum,
623 1099 895 1139 pascuorum,
928 1088 1197 1138 torrentium,
1230 1102 1468 1138 nemorum,
1494 1088 1743 1140 rivulorum,

359 1157 659 1206 pratorumque
679 1154 963 1193 amoenitatem
977 1185 987 1203 ,
1010 1154 1226 1207 ingentem
1248 1154 1548 1207 virgultorum,
1574 1152 1744 1204 florum,

357 1216 623 1255 arbustorum
653 1216 934 1268 dulcedinem,
976 1224 1223 1272 tantamque
1258 1219 1421 1272 copiam
1449 1232 1499 1257 ac
1528 1218 1744 1269 virtutem,

361 1296 483 1321 omne
505 1295 633 1335 genus
653 1283 899 1323 salutarium
919 1283 1166 1335 herbarum,
1191 1289 1239 1323 ut
1258 1284 1497 1323 hominibus
1518 1285 1747 1338 peregrinis

360 1348 521 1401 ingenti
557 1348 824 1387 admirationi
854 1362 938 1387 esse
966 1348 1140 1388 soleant.
1175 1348 1294 1388 Facit
1322 1353 1363 1387 et
1392 1347 1545 1401 frigida
1566 1349 1748 1401 regionis

361 1419 514 1453 natura
551 1419 599 1453 ut
640 1413 795 1454 morbis
829 1415 965 1454 minus
1006 1414 1149 1453 calidis
1194 1413 1417 1466 minusque
1456 1412 1748 1465 pestilentibus

360 1492 568 1518 vexemur.
602 1478 810 1520 Referunt
838 1493 1010 1520 avorum
1038 1484 1274 1519 nostrorum
1304 1478 1504 1517 memoria
1534 1477 1749 1531 putridam

358 1543 474 1582 illam
514 1544 686 1584 ficorum
724 1545 905 1584 scabiem
940 1546 1107 1599 (poccos
1142 1543 1334 1595 vocant),
1373 1540 1566 1581 Flandris
1595 1555 1748 1595 prope-

359 1609 528 1648 modum
556 1608 680 1649 fuisse
709 1610 981 1664 incognitam.
1013 1609 1236 1664 Epilepsiae
1256 1614 1398 1648 tamen
1419 1607 1568 1661 Brugis
1597 1608 1748 1661 praeci-

358 1689 437 1728 pue
473 1674 525 1713 ad
561 1675 743 1715 natalem
779 1676 863 1716 divi
903 1676 1076 1716 Joannis
1116 1674 1316 1729 Baptistae
1355 1674 1610 1714 miserabiles
1645 1674 1744 1713 licet

354 1740 549 1794 inspicias
578 1740 758 1790 labores,
789 1742 888 1781 dum
919 1742 973 1782 ad
995 1755 1087 1781 aras
1108 1739 1195 1795 ejus
1217 1740 1300 1780 divi
1320 1740 1370 1780 de
1390 1753 1505 1778 more
1525 1739 1739 1778 ducuntur

354 1804 514 1857 aegroti.
547 1803 600 1842 Et
631 1818 717 1843 mos
738 1812 799 1845 est
827 1806 1018 1845 Flandris
1038 1819 1242 1860 perquam
1268 1805 1554 1855 detestandus,
1585 1809 1633 1843 ut
1661 1818 1737 1858 per

353 1870 458 1908 iram
486 1869 725 1909 hominibus
754 1884 838 1910 non
865 1872 1001 1910 minus
1023 1884 1151 1924 quam
1171 1870 1304 1909 brutis
1323 1869 1608 1909 animantibus
1630 1883 1743 1908 mor-

354 1933 452 1971 bum
479 1933 760 1986 imprecentur
790 1935 1057 1974 comitialem.
1097 1934 1265 1975 Habent
1300 1942 1341 1975 et
1367 1935 1449 1974 hoc
1484 1934 1660 1988 gentile,
1694 1941 1742 1974 ut

354 1997 556 2050 quicquid
582 1998 793 2051 improvisi
814 2000 979 2039 accidat
1011 2001 1286 2050 incommodi,
1311 2000 1425 2041 facta
1444 2001 1667 2041 collatione
1688 2001 1743 2040 ad

355 2073 494 2099 casum
517 2062 726 2102 duriorem
747 2062 981 2103 fortunatos
1001 2079 1085 2103 sese
1106 2065 1312 2103 dictitent.
1339 2065 1458 2104 Adde
1479 2065 1592 2118 quod
1613 2079 1745 2118 quum

337 2126 599 2165 *insolentem
620 2129 860 2181 quempiam
882 2128 1117 2181 significare
1137 2130 1297 2179 volunt,
1317 2143 1426 2183 pane
1442 2129 1605 2169 ebrium
1621 2130 1744 2183 vulgo

355 2188 549 2227 vocitent.
586 2188 760 2243 Magnus
795 2192 839 2231 in
875 2191 1073 2231 Flandria
1102 2193 1359 2247 leprosorum
1391 2207 1606 2243 numerus,
1642 2194 1746 2247 quia

356 2255 490 2293 varias
531 2254 618 2310 ejus
659 2257 793 2296 morbi
830 2263 1166 2297 commentantur
1201 2259 1376 2313 species,
1415 2271 1465 2297 ac
1501 2272 1626 2312 quem
1664 2258 1744 2297 levi

357 2332 465 2371 saepe
488 2319 537 2357 de
559 2333 683 2359 causa
704 2321 915 2361 affirmant
936 2321 1158 2372 infectum,
1184 2324 1323 2362 statim
1349 2322 1528 2362 eundem
1547 2321 1745 2378 judicant

358 2398 440 2422 csse
471 2398 636 2435 sanum,
670 2386 961 2440 recipiuntque
988 2387 1030 2425 in
1058 2387 1288 2440 publicum.
1318 2388 1390 2428 His
1421 2387 1658 2427 mendicare
1679 2387 1743 2426 vel
