2372 3082
351 381 372 398 G

358 347 395 431 „de-

347 422 358 439 N

1167 370 1170 371 ν
1230 345 1310 386 (1140)
1341 364 1909 369 was«

761 556 844 600 Quid
867 555 925 589 nisi
952 553 1118 599 praeclaros
1146 563 1182 587 ea
1205 563 1255 587 res
1281 552 1437 599 permittit
1462 551 1621 586 honores?

806 609 890 653 Quid
917 608 975 642 nisi
1000 618 1075 653 opes
1102 606 1219 652 amplas
1245 610 1277 640 et
1302 605 1395 640 decus
1423 606 1483 639 ista
1509 605 1641 639 volunt?

759 666 907 708 Horaque
931 660 1060 696 dicenda
1082 664 1130 694 est
1156 664 1221 694 tam
1249 660 1324 693 clari
1351 658 1473 693 conscia
1495 662 1605 704 partus

802 720 880 752 Post
906 715 1038 749 mediam
1066 718 1191 749 noctem
1218 714 1311 748 tertia
1338 724 1450 758 nempe
1472 711 1550 746 fuit:

756 772 813 806 Cui
841 769 1061 803 dominabatur
1087 768 1134 801 sol
1156 766 1290 809 inclytus
1314 766 1365 799 ille
1391 765 1516 810 planeta

802 823 894 858 Unde
919 821 1051 855 trahunt
1077 820 1187 864 reliqui
1215 819 1331 852 lumina
1357 818 1488 862 quisque
1513 828 1590 851 sua:

757 880 809 913 Tu
836 887 913 910 nova
941 875 1107 921 progenies
1125 873 1252 918 (faustis
1282 873 1307 906 si
1333 872 1488 906 credimus
1512 872 1624 914 astris)

800 930 959 965 Praebebis
986 928 1091 962 multis
1117 927 1234 960 lumina
1261 926 1342 960 clara
1365 926 1450 959 viris.

757 986 827 1019 Nox
853 995 888 1017 ea
913 982 983 1016 laeta
1008 980 1085 1020 fuit,
1114 979 1239 1013 lucebat
1267 977 1402 1023 Cynthia
1428 977 1559 1022 pulchre

804 1037 951 1080 Quamvis
975 1034 1132 1068 dimidiam
1156 1031 1304 1077 perderat
1332 1031 1383 1063 illa
1412 1030 1511 1063 facem

756 1093 798 1126 Et
825 1090 923 1125 caruit
945 1087 1063 1133 pluvia,
1090 1086 1210 1125 ventis,
1238 1083 1420 1127 nivibusque
1448 1082 1581 1127 geluque

802 1143 967 1186 Plaenaque
991 1139 1107 1174 coelesti
1133 1138 1220 1182 signa
1247 1135 1352 1170 favore
1376 1134 1480 1175 dedit,

756 1199 816 1242 Qui
845 1196 956 1242 quaerit
978 1194 1111 1239 patriam
1135 1191 1297 1225 Curtraeia
1324 1191 1436 1223 moenia
1465 1193 1575 1222 noscat

802 1252 879 1293 Quae
903 1250 985 1292 Lysa
1010 1244 1181 1292 perspicuis
1204 1243 1316 1287 irrigat
1342 1242 1441 1276 amnis
1469 1242 1574 1286 aquis,

757 1307 796 1339 ln
823 1305 890 1350 ripa
916 1301 1004 1345 cujus
1033 1298 1141 1332 dextra
1165 1296 1276 1330 domus
1304 1296 1420 1329 eminet
1442 1294 1544 1340 ampla

803 1359 905 1400 Quam
934 1354 1057 1400 genitus
1074 1352 1172 1391 Maia,
1203 1350 1356 1394 doctaque
1384 1349 1485 1382 Pallas
1511 1351 1614 1388 amat,

758 1409 850 1445 Unde
872 1405 1068 1454 panomphaei
1093 1403 1219 1449 paulum
1245 1400 1391 1436 distantia
1419 1401 1459 1435 ad
1483 1403 1636 1436 Austrum

802 1463 897 1495 Sacra
923 1458 982 1492 Dei
1009 1456 1117 1489 matris
1142 1464 1271 1488 cernere
1295 1454 1412 1499 templa
1436 1454 1520 1487 licet.

757 1513 888 1549 Parvule
915 1511 1035 1554 vagitus
1064 1508 1114 1541 hic
1142 1507 1261 1551 primos
1286 1507 1379 1540 edere
1403 1506 1520 1551 gaudes

806 1569 847 1601 Et
877 1568 1011 1599 matrem
1039 1561 1160 1594 tristem
1188 1558 1343 1592 laetificare
1370 1562 1477 1600 tuam,

758 1624 836 1665 Quae
865 1617 949 1665 quod
974 1619 1042 1650 erat
1064 1618 1173 1660 partus
1202 1622 1281 1658 pene
1305 1612 1478 1645 exanimata
1504 1610 1611 1644 dolore

805 1678 910 1719 Atque
939 1671 1014 1706 adiit
1040 1669 1109 1703 vitae
1137 1677 1260 1702 summa
1288 1667 1403 1713 pericla
1432 1678 1494 1700 suae

760 1728 897 1765 Grandia
923 1725 1090 1763 vaticinor,
1120 1732 1193 1755 nam
1217 1730 1267 1753 res
1294 1718 1466 1765 primordia
1493 1717 1609 1752 habere

807 1785 896 1817 Dura
924 1780 981 1814 sibi
1014 1788 1133 1821 magnae
1159 1776 1306 1818 lentaque
1335 1776 1436 1817 coepta
1459 1770 1576 1811 solent;

762 1840 839 1872 AEra
863 1838 976 1869 sonant
1002 1832 1111 1877 templi
1138 1828 1245 1875 prodis
1272 1836 1343 1859 cum
1371 1823 1480 1856 matris
1510 1822 1549 1855 ab
1577 1821 1643 1855 alvo

806 1893 911 1935 Atque
942 1890 1057 1922 canunt
1081 1886 1141 1919 luci
1169 1882 1306 1918 carmina
1336 1877 1405 1910 laeta
1430 1880 1491 1909 tuae
1506 1901 1513 1914 ‚

760 1946 829 1980 Sive
854 1944 914 1977 Dei
941 1942 979 1975 ad
1001 1939 1108 1974 laudes
1133 1939 1243 1972 curent
1266 1938 1298 1967 te
1321 1940 1412 1964 mane
1438 1939 1548 1963 vocare

806 1998 875 2031 Sive
902 1994 998 2028 velint
1027 1996 1133 2026 ortum
1161 1990 1204 2023 sic
1234 1985 1391 2020 celebrare
1415 1986 1524 2020 tuum,

760 2049 910 2085 Gratulor
936 2047 1089 2080 illustrem
1110 2042 1244 2089 patriam
1269 2037 1344 2076 tibi,
1372 2034 1515 2079 gratulor
1542 2032 1652 2066 urbem

806 2103 856 2136 Sic
883 2103 988 2145 aptam
1017 2097 1088 2131 fatis
1117 2093 1322 2139 auspiciisque
1344 2087 1405 2120 tuis

760 2156 829 2190 Sive
858 2153 951 2187 situm
980 2153 1121 2195 spectes,
1150 2146 1217 2180 loca
1245 2156 1300 2178 seu
1325 2150 1504 2187 peramoena
1530 2138 1669 2182 requiras

804 2211 966 2251 Nusquam
994 2206 1147 2237 Curtraco
1175 2203 1223 2233 est
1248 2202 1334 2232 terra
1362 2195 1453 2228 beata
1484 2191 1602 2235 magis3

762 2261 880 2296 Nobilis
903 2262 951 2292 est
978 2256 1088 2295 fluvio,
1115 2252 1292 2287 firmissima
1320 2245 1473 2281 moenibus
1501 2243 1589 2282 altis,

805 2311 942 2357 Imperio
967 2307 1122 2353 locuples,
1152 2304 1270 2338 hubere
1298 2300 1381 2334 dives
1406 2306 1496 2342 agro.

760 2366 792 2401 Si
818 2369 938 2399 veteres
962 2361 1088 2400 laudas,
1118 2356 1194 2391 urbs
1220 2355 1304 2395 haec,
1330 2357 1366 2387 ut
1393 2351 1475 2387 fama
1501 2353 1663 2389 renarrat,

805 2419 887 2454 Olim
914 2416 1042 2462 Trajani
1068 2412 1161 2447 Curia
1188 2410 1270 2444 dicta
1296 2407 1356 2443 fuit
