2372 3082
1009 357 1014 359 -
1039 336 1128 377 (125)
1149 354 1166 357 -

529 561 600 603 Ipsa
624 568 680 590 nee
704 560 846 590 octavum
866 568 956 602 passa
983 562 1031 592 est
1054 556 1239 592 concludere
1265 556 1399 590 lustrum

574 613 712 656 Dignum
736 612 921 644 Nestoream
946 611 993 644 vel
1017 622 1165 656 superare
1191 610 1273 644 diem

529 668 607 700 Cum
631 675 776 698 numeras
803 675 854 697 sex
882 668 975 708 atque
1000 675 1110 697 novem
1138 663 1194 696 tibi
1218 663 1345 703 saecula,
1373 666 1405 695 et
1426 673 1523 696 annos

576 717 700 751 Christe
723 716 829 750 decem
853 717 987 761 Augusti
1012 717 1096 750 hune
1123 718 1255 762 septima
1279 728 1340 751 nox
1363 718 1484 762 rapuit,

531 773 665 818 Spiritus
689 774 803 804 aeterna
825 774 873 803 est
896 770 1028 804 donatus
1051 772 1181 816 (spero)
1199 771 1298 805 salute

577 825 687 858 Clausa
711 823 768 857 sub
790 823 850 856 hoe
874 834 946 857 saxo
969 825 1108 869 eorporis
1134 835 1203 858 ossa
1227 825 1343 859 cubant

532 878 596 911 Vos
621 888 639 910 o
661 877 798 911 Pierides
823 877 984 911 nobiseum
1009 877 1130 910 fundite
1155 876 1246 910 fletus

580 931 716 975 Fataque
739 935 803 964 tam
827 930 910 964 doeti
933 930 1174 974 eollaehrymate
1197 930 1266 963 viri.

487 1263 548 1303 2111
569 1263 708 1304 Zhham
730 1264 861 1304 wultiz
887 1258 1003 1303 mallia
1028 1268 1069 1303 ut
1092 1264 1129 1302 ἰιι
1152 1263 1292 1312 puhlim
1315 1263 1529 1312 impunitione
1550 1272 1689 1300 onerum

825 1334 946 1377 patrat
969 1329 1091 1379 metm
1113 1329 1342 1368 tenniorihnz.

671 1485 791 1516 DULeis
823 1483 919 1516 Vallis
948 1482 1084 1526 Apollini

722 1538 763 1568 Et
781 1535 920 1579 jucunda
943 1545 1053 1567 novem
1077 1538 1164 1566 terra
1192 1534 1351 1566 sororibus

676 1590 793 1621 Tecum
820 1588 907 1620 saeela
930 1598 986 1631 per
1013 1587 1116 1619 omnia

722 1643 871 1674 Inventor
896 1640 1032 1684 cytharae
1057 1640 1231 1674 Mercurius
1258 1639 1359 1679 colet,

676 1696 776 1739 Supra
802 1694 942 1738 celsaque
966 1693 1077 1736 sydera

723 1749 849 1780 Famam
875 1746 966 1780 docta
996 1751 1079 1780 [uam
1109 1747 1305 1792 Melpomene
1330 1746 1430 1786 seret,

674 1802 704 1835 Si
730 1812 843 1845 gnaros
870 1801 1006 1844 eylharae
1032 1801 1113 1833 viros

722 1857 921 1899 Ornalosque
947 1854 1015 1886 sciae
1038 1852 1170 1885 Palladis
1194 1853 1313 1885 artibus

676 1911 746 1942 Jam
771 1920 841 1942 cum
865 1908 990 1941 nomine
1013 1907 1160 1951 principis

723 1965 840 1997 Omnes
864 1974 924 1996 zera
944 1962 1036 2006 jubes
1061 1960 1199 2007 pendere
1223 1960 1361 1994 flamines

679 2016 771 2049 Dulei
794 2015 956 2049 confoveas
986 2016 1055 2049 sinu

724 2073 765 2104 Et
788 2075 876 2104 ‘tanto
905 2075 1013 2104 tenues
1037 2079 1167 2103 munere
1190 2069 1314 2102 liberes.

680 2123 773 2165 Quod
797 2124 821 2155 si
843 2123 949 2155 durius
975 2124 1108 2167 imperes

725 2177 791 2208 Nee
815 2186 923 2219 pareas
946 2175 1064 2208 loeulos
1093 2184 1244 2219 mungere
1268 2176 1432 2220 parvulos,

681 2228 864 2273 Complures
896 2227 988 2261 facies
1018 2227 1073 2261 tibi

725 2283 860 2322 Hostes,
893 2292 965 2315 nam
989 2279 1110 2327 placido
1135 2291 1204 2314 eum
1229 2282 1391 2326 Dryadum
1416 2283 1512 2316 choro

680 2338 725 2369 Te
747 2347 841 2369 musae
865 2335 986 2380 fugient
1008 2347 1138 2375 novem,

729 2389 937 2435 Offendesque
965 2392 1067 2424 Deum
1096 2389 1222 2423 numina
1245 2392 1277 2422 et
1297 2389 1435 2422 omnium

1975 2566 1988 2588 ΙΙΙ

1971 2400 2027 2612 Q·-

1934 2613 1951 2623 l

1851 2613 1971 2636 χο

1933 2625 1968 2649 ὣ
