2372 3082
1283 338 1342 377 (36)

620 570 710 603 erat
736 562 981 602 Emehertus
1011 560 1321 600 Cameracensis
1350 561 1590 615 episcopus,
1623 576 1779 602 sorores
1807 575 1902 603 vero
1923 560 2013 601 Gu-

619 627 720 667 dula
749 641 799 666 ac
828 624 1047 680 Reynildis
1062 656 1072 675 ,
1095 630 1292 679 parentes
1313 624 1489 680 Vigerus
1519 625 1584 666 vir
1613 626 1765 666 nobilis
1789 642 1838 668 ae
1867 626 2012 667 Amel-

617 694 748 748 berga
768 693 855 732 filia
876 692 1024 732 sororis
1044 692 1185 746 Pipini
1207 691 1423 745 principis.
1457 690 1615 730 Eodem
1636 704 1748 730 anno
1772 690 2011 731 Bonifacius

618 757 954 811 archiepiscopus
970 756 1241 810 Maguntinus
1262 755 1308 794 in
1329 755 1464 794 Frisia
1477 755 1713 809 praedicans
1729 754 1985 794 interimitur
1998 786 2008 804 ‚

617 823 882 877 referturque
911 828 1054 876 postea
1073 823 1117 861 in
1140 822 1317 871 eoelum3
1341 819 1392 859 tle
1414 818 1532 875 cujus
1551 819 1740 873 reliquiis
1764 819 1913 873 Brugis
1934 820 2012 859 ali-

617 895 780 943 quanta
801 893 988 928 servatur
1013 887 1151 942 portio
1177 887 1223 926 in
1253 886 1343 926 aede
1373 885 1572 940 Virginis,
1607 886 1685 925 Hic
1719 886 1859 926 divum
1890 885 2013 925 Villi-

616 953 792 992 baldum
826 951 1080 1006 Eystetensis
1114 951 1301 991 ecelesiae
1339 950 1557 991 constituit
1591 950 1853 1004 episcopum,
1893 948 2011 1005 eujus

618 1033 767 1072 eorpus
788 1023 1023 1058 asservatur
1043 1016 1209 1056 Furnis.

672 1084 780 1125 DCC
814 1084 994 1134 LXXII,
1036 1088 1149 1123 sexto
1185 1083 1278 1122 idus
1312 1083 1466 1133 Julias‚
1506 1082 1759 1135 Amelberga
1792 1082 2013 1136 singularis

619 1151 797 1204 exempli
818 1150 935 1204 virgo
956 1150 1002 1189 in
1022 1163 1123 1203 agro
1139 1147 1351 1187 Wasiensi
1373 1149 1427 1189 ad
1442 1148 1671 1188 Tamisiam
1687 1148 1880 1197 decessit,
1905 1147 2012 1186 divae

619 1215 837 1255 Gertrudis
879 1213 1168 1267 Nivigellensis
1209 1227 1259 1251 ex
1298 1212 1429 1252 fratre
1466 1214 1622 1267 neptis,
1663 1212 1926 1262 Christiano,
1965 1219 2013 1252 ut

617 1281 823 1335 produnt,
848 1286 889 1319 et
910 1279 999 1319 Eva
1018 1278 1063 1317 in
1082 1276 1315 1316 Arduenna
1336 1277 1580 1331 parentibus
1602 1283 1714 1327 orta,
1741 1291 1870 1331 quam
1891 1277 2014 1317 Villi-

618 1346 775 1385 brodus
791 1346 1009 1399 episeopus
1024 1340 1306 1396 Trajectensis
1323 1343 1378 1381 ad
1393 1344 1631 1383 coenobium
1647 1344 1754 1383 divae
1775 1343 2013 1383 Landradae

619 1409 893 1449 erudiendam
913 1408 1040 1448 misit.
1075 1406 1167 1446 Rex
1196 1405 1368 1446 Carolus
1398 1407 1575 1461 Magnus
1595 1408 1826 1458 adamavit,
1852 1408 2014 1462 sibique

620 1474 854 1514 conabatur
877 1472 1058 1529 jungere
1093 1472 1385 1523 matrimonio,
1421 1478 1465 1512 at
1494 1473 1569 1512 illa
1593 1473 1910 1526 vigilantissima
1934 1488 2014 1527 pu-

620 1539 776 1578 dicitiae
812 1553 897 1577 suae
939 1543 1074 1576 eustos
1109 1536 1164 1575 ad
1207 1537 1414 1590 praedium
1453 1551 1574 1577 suum
1613 1537 1840 1577 Tamisiam
1884 1537 2010 1591 fugit.

620 1604 785 1657 Virgini
812 1604 939 1643 matri
971 1601 1170 1642 sacellum
1202 1601 1378 1650 dicavit,
1423 1615 1549 1654 seque
1579 1607 1739 1642 structa
1768 1603 1875 1643 inibi
1907 1603 2013 1642 cella

617 1669 801 1709 inclusit.
827 1668 928 1708 Haeo
949 1667 1119 1708 domina
1143 1665 1388 1706 nominatur
1408 1665 1688 1706 Tamisiensis.
