2372 3082
1285 320 2196 375 (53)—-⁸-——-—-—-ssfij
2223 326 2234 335 ω

2237 321 2254 332 ,τη

2184 332 2255 375 8ξέἕὲ

2202 376 2220 391 Ag,
2226 374 2254 389 ’κρ

2201 390 2255 433 ζῖἒῗῖῗ

383 325 435 376 {aa}

382 377 437 438 ZAO

383 401 438 590 <ly
619 559 843 601 Sabaudiae
883 558 979 598 duci
1023 556 1184 597 Amedo
1223 570 1385 611 reperio
1420 560 1619 608 nuptam,
1664 554 1847 608 indeque
1882 560 2022 595 ortum
2071 584 2074 586 Α

618 625 876 666 Ludovicum
904 623 1128 663 Sabaudiae
1159 624 1322 663 ducem.
1357 621 1532 662 Mariam
1562 620 1801 674 procomitis
1822 619 2024 661 Mediola—

619 691 758 731 nensis
779 689 965 743 Philippi
991 687 1234 744 conjugem,
1264 702 1314 727 ac
1339 687 1551 726 Joannam
1580 699 1677 739 quae
1702 685 1842 724 locata
1867 686 2024 726 Joanni

617 756 777 796 Jacobo
809 754 905 794 duci
936 753 1088 793 Montis
1120 754 1304 803 Ferrati,
1340 753 1570 801 Joannem,
1605 750 1895 800 Bonifacium,
1934 752 2025 791 Eli-

618 836 791 876 samque
823 819 999 873 peperit.
1042 818 1243 858 Catarina
1271 818 1438 872 enupsit
1469 818 1513 856 in
1543 816 1748 856 familiam
1784 817 2026 871 principum

618 886 800 926 Austriae
817 899 913 925 cum
930 885 1035 924 duce
1051 883 1263 938 Leopoldo
1280 883 1528 937 cognomine
1544 881 1743 936 superbo,
1764 882 1838 935 qui
1855 882 2028 922 decessit

619 952 778 1005 absque
808 947 963 988 sobole.

677 1015 909 1069 Margarita
938 1028 1036 1054 vero
1065 1013 1264 1054 Guilelmi
1294 1014 1455 1053 comitis
1482 1012 1691 1054 Hanoniae
1721 1017 1763 1051 et
1788 1000 2028 1052 Hollandiae

619 1081 751 1121 taedas
796 1080 943 1119 sortita
977 1078 1162 1135 jugales,
1203 1080 1374 1119 unicam
1409 1079 1532 1118 enixa
1562 1083 1623 1117 est
1656 1077 1789 1117 filiam
1822 1078 2027 1118 Jacobam

620 1147 777 1188 Joanni
811 1147 951 1186 Caroli
988 1146 1090 1185 sexti
1127 1146 1237 1199 regis
1271 1145 1379 1193 filio,
1419 1144 1573 1183 Joanni
1616 1143 1713 1182 duci
1755 1142 2022 1193 Brabantiae,

622 1212 840 1253 Hunfredo
865 1211 962 1250 duci
988 1211 1278 1259 Glaucestriae,
1307 1210 1602 1262 Franconique
1629 1207 1882 1246 Borsaliensi
1909 1208 2029 1247 dein-

621 1292 717 1331 ceps
751 1283 951 1332 nuptam,
986 1276 1056 1316 sed
1085 1276 1203 1315 nullo
1232 1280 1359 1330 partu
1393 1279 1587 1313 matrem.

679 1342 863 1382 Joannes
889 1343 973 1382 dux
992 1341 1270 1396 Burguncliae,
1297 1354 1432 1380 comes
1459 1338 1672 1378 Flandriae
1701 1339 1918 1379 vicesimus
1940 1351 2030 1377 sex-

621 1415 708 1459 tus,
736 1409 900 1462 accepit
920 1421 1092 1447 uxorem
1119 1406 1413 1459 Margaritam,
1439 1403 1603 1442 Alberti
1624 1402 1862 1442 Hollandiae
1883 1398 2029 1442 Hano-

622 1475 791 1528 niaeque
818 1474 992 1514 >comitis
1028 1472 1179 1522 filiam,
1220 1486 1306 1526 qua
1342 1486 1392 1510 ex
1426 1469 1601 1509 muliere
1643 1475 1769 1523 partu
1804 1468 2029 1521 multiplici

623 1540 840 1589 foecunda,
879 1538 1126 1592 Philippum
1161 1537 1328 1590 genuit,
1368 1550 1418 1575 ac
1454 1535 1560 1574 filias
1597 1548 1686 1584 sex,
1731 1533 2025 1586 Margaritam,

624 1604 892 1654 Catarinam,
919 1603 1118 1652 Mariam,
1149 1602 1391 1651 Isabellam,
1420 1599 1609 1649 Annam,
1646 1597 1816 1653 Agnen,
1848 1613 2030 1653 quarum

625 1684 722 1725 quae
744 1675 832 1709 erat
861 1674 986 1708 aetate
1002 1668 1205 1717 maxima,
1226 1666 1467 1720 Margaritae
1487 1665 1670 1719 primum
1692 1663 1928 1703 Ludovicus
1946 1663 2030 1703 dux

626 1735 871 1790 Aquitaniae
897 1734 1036 1774 Caroli
1059 1735 1162 1774 sexti
1189 1734 1420 1773 Fracorum
1445 1731 1554 1784 regis
1576 1730 1707 1780 filius,
1731 1730 1832 1769 inde
1854 1729 2030 1769 maritus

627 1802 709 1842 fuit
726 1801 905 1840 Arturus
922 1800 1278 1840 Richimontanus
1294 1799 1424 1837 frater
1440 1797 1556 1836 ducis
1573 1794 1828 1844 Britanniae,
1848 1800 2030 1847 utroque

632 1865 875 1906 infoecundo
907 1865 1192 1904 matrimonio.
1228 1863 1431 1904 Catarina
1461 1861 1515 1901 ab
1556 1859 1767 1899 Ludovico
1802 1858 2027 1907 Siciliensi,

630 1932 698 1972 cui
729 1936 930 1985 nupserat
976 1930 1219 1984 repudiata,
1259 1927 1403 1983 nupsit
1438 1926 1594 1966 dehinc
1642 1924 1841 1978 Philippo
1888 1923 2031 1962 comiti

631 1997 848 2037 Virtutum
877 1995 964 2034 filio
992 1995 1195 2035 Ludovici
1221 1993 1337 2033 ducis
1363 1989 1675 2031 Aurelianensis
1706 1988 1816 2039 caesi,
1844 1988 2032 2042 obiitque

632 2064 751 2103 nulla
772 2062 927 2101 sobole.
1850 2092 1854 2096 .

690 2128 869 2168 Mariam
920 2127 1039 2167 duxit
1088 2141 1259 2167 uxorem
1307 2124 1530 2179 Adulphus
1580 2124 1664 2163 dux
1713 2120 1872 2161 Cliviae„
1922 2119 2032 2159 Hinc

632 2194 816 2234 Joannes
848 2194 932 2233 dux
963 2193 1126 2242 Cliviae,
1159 2198 1201 2231 et
1231 2191 1453 2245 Adulphus
1483 2191 1744 2231 Ravestanus
1772 2192 1893 2242 pater
1927 2185 2032 2225 Phi-

635 2259 754 2313 lippi.
781 2257 983 2296 Foeminae
1013 2271 1109 2297 vero
1144 2257 1255 2296 inter
1289 2257 1393 2296 alias
1431 2256 1660 2311 Margarita
1690 2253 1898 2295 Guilelmo
1935 2252 2031 2292 duci

636 2321 847 2371 Bavariae,
886 2321 1117 2362 Catharina
1152 2321 1339 2362 Arnoltlo
1374 2323 1470 2363 duci
1511 2322 1685 2372 Gelriae,
1725 2319 1860 2359 Maria
1894 2324 2029 2372 nupta

425 2406 435 2440 s
639 2385 790 2428 Carolo
826 2387 923 2428 duci
967 2386 1287 2429 Aurelianorum
1330 2393 1464 2428 mater
1499 2387 1758 2428 Francorum
1800 2384 1907 2438 regis
1942 2381 2029 2422 Lu—
