2372 3082
180 326 1997 395 Q———fflffiw——ss-——Qffi

1982 416 1991 430 Ὶ

1938 385 1991 593 Z&

363 561 596 612 agiturque
616 559 660 599 id
680 559 817 599 forum
848 561 1074 615 quotannis
1106 563 1277 603 omnino
1307 564 1432 603 semel
1461 577 1545 617 quo
1575 565 1756 620 principi

367 625 506 678 placet
527 624 638 675 loco,
674 640 723 666 ac
745 625 901 665 dantur
921 626 966 665 in
987 640 1034 665 00
1050 625 1214 681 judicia
1244 628 1403 682 absque
1432 629 1521 668 ulla
1550 644 1756 683 provoca·
1960 628 1963 706 ἰ

363 688 492 738 tione,
513 691 769 743 praesidente
786 690 885 729 dum
903 690 1020 729 adest
1036 690 1296 731 Cancellario
1312 698 1386 731 aut
1401 693 1472 731 illo
1494 694 1665 736 absente
1682 699 1755 751 qui
1961 707 1963 734 ι

362 766 412 792 ex
442 754 680 796 rational-iis
717 761 841 795 aetate
874 760 916 794 et
950 754 1110 794 honore
1147 761 1187 795 et
1224 752 1450 811 prudentia
1480 765 1667 812 praestat.
1959 757 1962 803 ἲ

421 819 528 858 Sunt
559 822 671 862 enim
698 820 941 877 hujusmodi
964 822 1165 876 primores
1189 823 1267 863 viri
1291 837 1466 863 numero
1491 825 1640 878 viginti
1667 840 1758 867 om·
1958 822 1963 962 f

362 883 481 922 nium
506 886 789 939 vectigalium,
820 886 893 924 alii
910 899 1112 937 annonae,
1132 887 1204 926 alii
1221 888 1433 938 carnium,
1453 888 1524 928 alii
1540 891 1751 942 pecuniae,

362 949 522 1003 aliique
553 951 730 990 aliarum
762 964 923 999 rerum,
946 965 1125 1004 quarum
1153 954 1339 992 omnium
1365 953 1546 993 rationes
1570 954 1757 996 referunt
1958 968 1961 992 t

361 1015 553 1067 perpetui
576 1020 802 1066 quaestores
825 1020 1134 1068 coactoresque.
1160 1016 1363 1054 Flandros
1384 1018 1493 1055 inter
1513 1023 1555 1055 et
1572 1018 1755 1060 Francos

354 1077 407 1115 ob
439 1076 510 1131 jus
544 1077 850 1131 provocationis
880 1091 952 1118 seu
985 1079 1258 1120 resortitionis
1293 1082 1439 1134 gravia
1479 1095 1588 1136 saepe
1629 1082 1750 1124 fuere
1957 1080 1959 1120 ῗ

356 1141 587 1181 certamina
607 1143 838 1196 praesertim
860 1149 1134 1198 posteaquam
1149 1145 1379 1202 juridicum
1402 1147 1552 1188 Galliae
1569 1163 1752 1190 conven-
1957 1139 1959 1152 ’

355 1210 446 1244 tum
462 1205 590 1245 fixum
608 1221 657 1246 ac
673 1208 865 1247 stabilem
881 1209 1059 1249 Lutetiae
1076 1212 1318 1251 habendum
1335 1213 1554 1269 Philippus
1570 1215 1753 1257 Pulcher

357 1272 578 1322 sanxisset,
602 1273 657 1312 ad
678 1288 858 1328 eumque
879 1281 1027 1315 contra
1047 1282 1226 1316 veterem
1254 1279 1596 1319 consuetudinem
1623 1295 1751 1321 cona-

355 1342 473 1376 retur
503 1339 717 1378 attrahere
749 1347 791 1379 et
825 1342 1042 1382 Flandros.
1079 1343 1257 1382 Volebat
1284 1343 1568 1399 jurisdictioni
1604 1345 1666 1384 illi
1701 1359 1751 1385 ac
1806 1396 1809 1400 ,

355 1401 607 1442 resortitioni
647 1403 890 1445 Flandriam
926 1405 1149 1461 subjicere,
1190 1414 1412 1461 propterea
1447 1407 1562 1461 quod
1590 1408 1750 1448 benefi-

356 1467 466 1507 cium
496 1482 545 1507 ac
575 1467 780 1510 Clientela
810 1477 915 1511 esset
949 1472 1205 1512 Francorum
1239 1488 1399 1527 regum.
1438 1474 1595 1514 Contra
1630 1490 1750 1516 coar-

356 1532 543 1584 guebant
575 1531 943 1588 defendebantque
979 1538 1130 1574 nostri:
1164 1537 1214 1575 iis
1244 1539 1448 1584 moribus,
1483 1538 1532 1576 iis
1563 1538 1745 1592 legibus,

354 1595 640 1649 institutisque
661 1595 754 1650 jam
785 1598 884 1636 olim
916 1604 1119 1639 statutum
1151 1615 1235 1640 0550
1258 1616 1345 1640 rcm
1378 1601 1666 1653 Flandricam,
1702 1610 1749 1644 ut

355 1661 436 1700 nisi
472 1661 584 1700 domi
613 1660 714 1716 jura
753 1669 894 1716 petere
929 1678 1015 1703 non
1049 1665 1269 1714 deberent,
1314 1666 1548 1705 domesticis
1588 1681 1749 1722 semper

349 1725 519 1782 judiciis
536 1725 658 1765 fuisse
675 1733 912 1779 contentos,
932 1743 1017 1768 non
1035 1730 1291 1770 consuevisse
1307 1745 1496 1785 unquam
1512 1746 1587 1787 per
1603 1734 1749 1788 appel-

355 1792 555 1831 lationem
584 1792 639 1832 ad
663 1798 751 1832 tam
781 1795 960 1848 seposita
991 1794 1215 1848 confugere
1245 1797 1490 1837 tribunalia.
1524 1798 1632 1838 Rem
1662 1812 1748 1839 esse

355 1864 520 1912 turpem
537 1858 679 1897 litibus
696 1864 783 1898 tam
810 1860 957 1914 procul
978 1860 1233 1911 conflictari,
1258 1862 1360 1901 alias
1381 1877 1505 1917 super
1526 1865 1628 1904 alias
1648 1865 1748 1906 inde

354 1923 469 1977 gigni
497 1924 750 1974 calumnias,
775 1938 878 1965 auro
903 1926 1073 1981 spoliari
1104 1927 1306 1981 patriam,
1333 1929 1630 1984 litigantesque
1651 1945 1748 1985 per-

355 2002 450 2043 sepe
479 1989 533 2028 ad
560 1989 747 2043 inopiam
786 1990 938 2045 redigi.
980 1991 1205 2033 Clientelas
1244 2007 1270 2033 a
1300 1992 1664 2049 jurisdictionibus
1696 2012 1747 2037 30

354 2055 686 2095 resortitionibus
711 2070 776 2095 res
800 2070 885 2096 esse
909 2057 1033 2111 longe
1057 2059 1254 2099 diversas.
1283 2058 1519 2112 Alostanos,
1553 2062 1747 2103 Braban-
1945 2069 1949 2107 i

355 2124 437 2169 tos,
461 2119 694 2171 Hauonios,
718 2120 1014 2175 Holandosque
1037 2122 1082 2163 in
1113 2123 1309 2163 clientela
1336 2137 1385 2164 ac
1413 2125 1493 2165 fide
1524 2140 1609 2166 0550
1638 2128 1745 2167 sacri

148 2229 151 2236 .
355 2185 540 2239 imperii,
583 2200 668 2225 non
708 2192 849 2226 tamen
889 2187 1099 2243 pertinere
1143 2187 1199 2227 ad
1239 2188 1351 2228 illius
1389 2187 1738 2244 jurisdictionem.

148 2240 151 2268 ³
354 2248 514 2290 Rursus
522 2250 897 2301 Teneremondam,
917 2251 1282 2293 Gerardimontem
1293 2251 1598 2309 jurisdictionis
1615 2269 1744 2295 resor-

149 2305 151 2317 '
354 2314 538 2369 titusque
572 2329 658 2355 esse
691 2317 907 2357 Flandrici
941 2332 1018 2359 nec
1052 2318 1144 2358 ideo
1179 2333 1263 2359 esse
1295 2319 1507 2360 Flandriae
1538 2321 1742 2361 beneficia
1939 2265 1945 2397 l

355 2394 427 2421 seu
451 2381 689 2423 Clientelas.
724 2381 978 2424 Balduinum
1004 2382 1203 2425 Ferreum
1231 2384 1414 2439 primum
1443 2385 1475 2426 F
1479 2386 1740 2426 landriarum

151 589 166 938 -ἏἫ
