2372 3082
995 347 1073 386 noe)

535 573 653 604 Lumen
680 581 699 603 o
727 571 831 603 lumen
858 569 983 603 beatum
1013 568 1099 602 fonte
1126 570 1233 600 natum
1259 565 1384 599 luminis

489 624 587 656 Dulce
615 622 743 656 verbum
770 623 867 667 patris
895 622 984 660 almi,
1016 620 1054 654 da
1080 630 1244 664 precamur
1276 617 1428 663 supplices

491 679 552 710 Pro
584 682 637 709 tua
666 686 721 708 nos
753 686 820 707 esse
849 678 955 717 gratos
982 673 1126 716 largitate
1155 681 1333 704 munerum.

535 729 687 773 Quodque
714 738 770 772 per
797 731 885 759 tuum
918 735 1065 769 rogamus
1094 733 1209 756 nomen
1237 720 1418 754 admirabile

492 785 554 815 Nos
583 781 666 819 fove,
697 791 801 817 serva,
832 783 938 817 tuere,
969 777 1030 809 dux
1055 775 1197 819 salusque
1225 773 1377 818 gentium.

492 837 605 867 Nostra
633 844 719 878 spes,
751 836 783 864 et
810 835 918 863 nostra
946 839 1081 868 merces,
1113 826 1225 860 mentis
1253 829 1286 859 et
1312 823 1529 869 tranquillitas.

537 889 617 919 Laus
645 891 699 918 tuo
731 884 863 927 benigne
891 884 965 915 JESU
999 880 1116 914 nomini
1142 878 1353 916 sanctissimo,

493 941 552 981 Qui
580 941 665 972 Deus
693 949 762 972 cum
794 941 882 981 patre
909 946 1021 980 regnas
1050 938 1142 979 atque
1170 943 1257 966 sacro
1286 930 1409 965 flamine

493 994 606 1026 Trinus
635 997 768 1025 aeternus
795 996 827 1022 et
856 1000 935 1022 unus
965 987 1147 1021 saeculorum
1172 985 1300 1018 saeculis.

353 1133 1730 1156 *Α

675 1377 731 1414 2111
757 1375 906 1415 ffaubem
924 1372 1147 1413 mmmfiterii
1171 1369 1255 1410 3]ῦίοἰ
1281 1369 1427 1409 ssertini.

504 1547 573 1578 Ilvc
591 1545 764 1589 quicunque
787 1543 872 1577 subis
895 1541 1035 1574 Rhodios
1053 1542 1173 1585 jactare
1189 1539 1333 1573 Colossos

548 1598 709 1641 stultaque
733 1597 838 1629 mirari
863 1594 967 1628 desine
990 1593 1061 1626 fana
1086 1593 1190 1632 Jovis,

504 1651 622 1694 Inclyta
646 1651 764 1683 Bertini
788 1650 890 1695 potius
916 1647 1107 1680 monimenta
1123 1649 1266 1685 canatos,

549 1704 643 1736 Sacra
666 1702 767 1736 Sithiu
789 1702 892 1746 prisco
916 1698 1040 1733 condita
1061 1699 1178 1744 templa
1200 1698 1282 1732 loco.

505 1756 603 1799 Regia
623 1757 815 1789 Francorum
839 1752 1040 1797 Dagohertus
1067 1755 1190 1795 sceptra
1213 1749 1356 1790 tenebat,

550 1809 657 1842 Gratia
681 1818 751 1841 cum
774 1807 903 1840 Morinis
923 1804 1009 1838 fulsit
1032 1808 1064 1836 et
1086 1805 1166 1837 alma
1189 1802 1279 1836 fides.

505 1861 702 1895 Audomarus
725 1861 807 1894 enim
832 1859 1027 1893 Morinorum
1045 1857 1143 1900 gloria
1160 1855 1279 1899 gentis,

550 1916 591 1947 Et
613 1914 706 1947 decus
730 1918 762 1947 et
785 1912 928 1947 columen
951 1915 1018 1944 tum
1041 1909 1165 1955 pietatis
1189 1911 1269 1942 erat.

506 1967 623 2002 Praesul
651 1966 715 2005 hic,
743 1969 775 1999 et
798 1964 884 1998 divus
909 1963 1075 2002 Bertinus‚
1101 1961 1218 1995 lumina
1242 1959 1335 1999 bina,

551 2024 633 2054 Luce
651 2030 705 2053 sua
726 2019 871 2053 tenebras
896 2017 969 2051 hinc
990 2015 1138 2061 pepulere
1162 2024 1283 2059 graves.

506 2077 579 2109 Haec
604 2080 670 2109 tum
694 2071 810 2116 templa
834 2072 903 2104 Deo
927 2071 1106 2102 constructa
1130 2067 1291 2110 dicataque
1315 2064 1458 2104 Christo,

551 2130 662 2161 Tincta
686 2125 812 2159 salutari
835 2122 991 2168 plaebsque
1015 2120 1113 2154 fidelis
1136 2131 1227 2165 aqua.

507 2184 586 2216 Nam
610 2179 752 2225 proferre
775 2177 833 2210 Dei
858 2175 984 2219 cupiens
1006 2172 1182 2206 Adroaldus
1206 2171 1375 2210 honorem,

554 2234 611 2267 Hic
636 2243 691 2266 sua
716 2229 844 2263 Bertino
868 2226 996 2261 tradidit
1019 2236 1091 2259 arva
1114 2224 1208 2270 patri.

511 2288 583 2319 Haec
605 2290 653 2318 est
674 2287 779 2317 sancta
807 2281 917 2316 domus
942 2290 999 2325 per
1022 2283 1144 2313 sanctos
1168 2277 1249 2313 facta
1273 2277 1411 2313 colonos.

556 2338 613 2370 Hic
637 2337 749 2370 colitur
770 2335 885 2380 pietas,
911 2332 1090 2377 relligioque
1112 2332 1207 2375 viget.

511 2393 621 2424 Fervet
643 2400 720 2435 opus
744 2399 883 2430 sacrum,
909 2390 1058 2422 resonant
1081 2386 1131 2431 pia
1155 2385 1273 2419 cantica
1298 2383 1440 2423 Christo,

1926 323 1965 371 Ἓξ

1930 356 1945 371 (5)

1910 373 1965 580 2&
