2372 3082
359 323 424 344 ῃάτῖ

365 344 404 361 2112>
411 346 421 353 e

359 361 421 381 332³

357 423 393 464 ’ἦθ’

381 486 384 497 Ι

375 501 397 540 κῇ.

385 553 386 560 ,

385 599 388 624 ῑ

384 637 387 656 1

382 658 391 715 ¹,

382 719 386 779 ἒ

382 781 385 810 ἰ

380 815 385 852 ξ

380 853 385 909 ἔ

380 909 383 919 ἱ

380 921 384 963 Ξ

379 967 383 993 ἓ

593 563 845 613 Casletanis,
884 577 984 602 nam
1019 561 1258 601 Antoninus
1294 562 1414 611 Pius,
1453 567 1568 600 veter
1596 575 1646 600 ac
1676 562 1810 601 multo
1841 563 1993 602 certior

591 629 746 669 author
796 629 1007 669 Casletum
1057 628 1103 668 in
1147 627 1364 667 itinerario
1415 626 1643 667 Castellum
1688 627 1902 677 nominat,
1950 629 1995 668 id

590 697 789 750 temporis
816 695 944 736 dubio
966 696 1114 750 procul
1134 695 1211 735 sub
1238 694 1497 734 Morinorum
1522 692 1713 747 imperio.
1739 692 1994 734 Memoratur

589 760 724 799 eidem
767 760 1014 809 Taruenna,
1054 759 1313 799 Morinorum
1348 757 1609 811 metropolis,
1658 770 1810 796 nomen
1855 757 1995 797 adhuc

588 827 788 866 retinens.
820 826 927 865 Item
948 825 1216 864 Viroviacum
1250 824 1364 863 vicus
1396 837 1468 862 seu
1495 821 1745 876 oppidulum
1774 821 1830 860 ad
1855 820 1996 862 Lisam

588 904 757 931 amnem
792 891 838 930 in
873 888 1119 930 Nerviorum
1153 893 1256 928 tunc
1287 887 1475 942 (opinor)
1506 886 1686 935 ditione,
1726 891 1775 925 ut
1805 901 1919 926 nune
1947 887 1993 926 in

588 955 741 995 diocesi
764 955 1037 1004 Tornacensi,
1073 954 1218 993 eodem
1261 959 1454 993 vocatum
1489 952 1659 992 nomine
1681 950 1873 991 Waltero
1903 967 1994 992 mo-

587 1020 725 1059 nacho
761 1021 806 1060 in
844 1020 931 1060 vita
966 1018 1106 1058 Caroli
1151 1018 1275 1067 boni,
1314 1018 1476 1058 comitis
1521 1017 1733 1057 Flandriae
1754 1048 1764 1067 ,
1806 1024 1993 1059 nostrate

587 1098 683 1124 vero
699 1085 846 1139 lingua
856 1083 1086 1138 Wervyck.
1106 1083 1239 1122 Simul
1254 1083 1492 1122 Tornacum
1509 1096 1623 1122 nunc
1639 1083 1784 1122 civitas
1799 1083 1988 1136 insignis.

585 1150 695 1190 Pons
731 1151 890 1191 Scaldis
931 1149 1047 1189 haud
1078 1149 1225 1203 procul
1260 1148 1547 1197 Valentianis,
1582 1153 1656 1186 aut
1695 1147 1798 1201 ipsae
1834 1147 1992 1187 Valen-

586 1215 731 1255 tianae.
776 1215 999 1263 Baiacum,
1047 1214 1238 1267 Belgium
1280 1214 1439 1253 dictum
1485 1213 1738 1266 quibusdam
1784 1213 1990 1253 Hanoniae

587 1279 875 1333 scriptoribus.
919 1278 1196 1318 Minariacum
1240 1291 1356 1318 nunc
1392 1278 1575 1330 (credo)
1620 1277 1759 1316 minor
1797 1277 1898 1317 villa
1936 1278 1991 1317 ad

586 1344 728 1385 Lisam
771 1346 817 1385 in
854 1344 1070 1384 Flandria.
1120 1344 1391 1384 Nemetacum
1435 1343 1551 1382 haud
1594 1343 1741 1396 longe,
1791 1349 1838 1382 ut
1885 1342 1990 1382 mihi

586 1410 770 1460 videtur,
809 1424 834 1450 a
868 1409 1028 1449 Duaco.
1074 1407 1264 1463 Agacum
1299 1409 1399 1448 item
1436 1407 1701 1456 Nerviorum,
1736 1409 1850 1462 quod
1884 1408 1990 1448 forte

584 1474 787 1514 Baiacum
827 1475 953 1515 scribi
993 1474 1131 1514 debet.
1189 1473 1308 1513 Idem
1345 1473 1399 1512 ab
1434 1477 1560 1527 portu
1600 1471 1835 1512 Gesoriensi
1874 1487 1989 1512 nunc

585 1538 809 1579 Ghisnensi
838 1554 910 1580 seu
937 1538 1162 1579 Calesiensi
1188 1539 1243 1578 ad
1261 1537 1463 1578 Baiacum
1490 1537 1606 1577 hunc
1624 1537 1669 1576 in
1691 1537 1861 1577 modum
1886 1536 1989 1577 facit

586 1603 687 1642 iter:
727 1603 998 1643 Taruennam
1038 1603 1155 1642 milia
1189 1603 1282 1657 plus
1318 1602 1456 1641 minus
1493 1602 1562 1640 18.
1606 1600 1833 1641 Castellum
1874 1615 1989 1641 nunc

584 1668 702 1708 haud
733 1668 860 1708 dubie
894 1668 1106 1709 Casletum
1140 1669 1182 1707 9.
1228 1667 1495 1707 Viroviacum
1530 1666 1598 1705 16.
1637 1667 1876 1707 Tornacum
1913 1667 1982 1706 16.

583 1733 763 1774 Pontem
796 1734 956 1774 Scaldis
992 1734 1058 1772 12.
1123 1734 1328 1773 Baiacum
1359 1734 1430 1772 12.
1487 1732 1593 1772 Item
1635 1746 1660 1771 a
1696 1731 1877 1772 Castello
1912 1747 1988 1787 per

584 1799 880 1854 compendium
904 1798 1171 1848 Turnacum,
1204 1796 1433 1836 Minariaco
1465 1797 1559 1851 plus
1595 1797 1733 1836 minus
1767 1797 1834 1836 11.
1878 1797 1986 1837 Tur-

583 1879 739 1905 nacum
764 1865 834 1904 27.
876 1863 913 1904 A
948 1862 1128 1903 Castello
1164 1862 1381 1903 Coloniam
1413 1861 1693 1916 Agrippinam
1718 1862 1811 1915 plus
1847 1863 1985 1902 minus

586 1930 692 1969 172:
717 1930 798 1979 sic,
826 1929 1104 1969 Minariacum
1134 1930 1200 1979 11,
1225 1929 1496 1968 Nemetacum
1520 1927 1587 1977 19,
1613 1927 1888 1967 Camaracum
1914 1929 1981 1977 M,

583 1993 785 2033 Baiacum
822 1994 892 2044 18,
935 1994 1273 2048 Vodogoriacum
1310 1994 1375 2043 12,
1413 1992 1705 2032 Geminiacum
1737 1992 1803 2042 10,
1841 1992 1986 2032 Pervi-

585 2061 747 2099 ciacum
789 2060 861 2110 22,
906 2060 1127 2100 Aduacum
1162 2061 1429 2114 Tungrorum
1469 2060 1535 2110 14,
1590 2058 1869 2098 Coriovallum
1912 2061 1981 2109 16,

584 2125 795 2166 Juliacum
818 2127 888 2175 18,
908 2127 1126 2166 Coloniam
1150 2128 1220 2177 18,
1255 2126 1340 2167 Abs
1361 2127 1587 2167 Taruenna
1606 2126 1848 2166 Turnacum
1871 2125 1986 2165 milia

584 2193 678 2245 plus
702 2192 840 2231 minus
866 2190 922 2230 49
949 2193 1026 2241 sic,
1055 2193 1326 2233 Nemetacum
1350 2193 1423 2242 22,
1458 2194 1698 2233 Turnacum
1727 2192 1796 2232 27.
1829 2192 1891 2231 Ex
1920 2192 1984 2235 his

585 2257 684 2296 satis
721 2257 908 2311 (opinor)
940 2257 1074 2311 liquet
1109 2272 1307 2311 magnam
1345 2258 1556 2298 Flandriae
1591 2265 1754 2312 partem
1784 2259 1849 2298 vel
1885 2264 1983 2298 ante

585 2322 770 2361 natalem
806 2321 1061 2362 dominicum
1093 2323 1249 2362 cultam
1279 2324 1489 2377 praecipue
1527 2338 1551 2363 a
1586 2323 1772 2363 Morinis.
1823 2322 1981 2362 Castel-

585 2386 692 2435 lum,
727 2387 807 2427 1100
836 2393 897 2426 est
927 2388 1159 2439 Casletum,
1195 2387 1318 2429 fuisse
1348 2389 1604 2429 Morinorum
1636 2391 1837 2444 oppidum
1867 2389 1980 2429 haud
