2372 3082
388 557 636 607 Ostendani,
668 557 973 611 Neoportuani,
1004 556 1323 607 Dunckercani,
1356 556 1635 611 Gravelingii,
1668 558 1775 600 Fur—

387 636 552 672 nenses,
591 622 837 676 Bergenses,
873 622 1148 672 Dixmudani,
1187 622 1435 673 Gestellani,
1472 624 1771 679 Medioburgii,

385 687 657 738 Turholtani,
689 687 966 727 Mardicenses
995 687 1050 726 ad
1074 686 1259 726 viculum
1287 687 1466 734 redacti,
1498 687 1776 728 Lombarsidii

383 764 456 791 seu
482 750 727 791 Lombardii
751 751 825 805 qui
855 750 953 789 olim
980 763 1100 789 suum
1124 755 1293 803 portum
1318 750 1445 789 maris
1474 750 1777 804 Neoportuanis

383 814 452 868 (ut
471 813 633 868 ferunt)
652 814 952 864 vendiderunt,
971 812 1147 869 jamque
1168 828 1275 869 pene
1296 814 1618 854 interciderunt.

437 945 624 1000 Hypram
637 975 648 995 ,
680 945 852 984 tertium
872 944 1085 985 Flandriae
1104 946 1340 984 membrum
1352 975 1363 994 ,
1394 959 1548 985 nomen
1569 946 1774 987 invenisse

379 1012 500 1051 aiunt
535 1011 588 1049 ab
618 1010 862 1064 Hyperboro
905 1009 1090 1062 quodam
1128 1007 1365 1046 Britannici
1397 1008 1613 1060 sanguinis
1649 1008 1769 1050 duce.

378 1073 466 1127 Ego
494 1072 654 1113 avidius
683 1071 935 1112 crediderim
963 1071 1008 1110 id
1038 1072 1152 1125 quod
1181 1079 1223 1112 et
1258 1072 1453 1112 nonnulli
1481 1073 1679 1123 tradunt,
1717 1075 1772 1115 ab

377 1138 522 1193 Hypra
564 1151 692 1192 parvo
730 1152 814 1191 quo
849 1137 1092 1177 interluitur
1127 1137 1277 1187 fluvio,
1315 1138 1467 1192 pannis
1503 1138 1771 1180 conficiendis

377 1201 498 1241 valde
533 1201 820 1250 accommodo,
859 1201 920 1239 ita
959 1200 1130 1240 dictam.
1177 1201 1412 1256 Hypretum
1446 1202 1690 1241 nominatur
1725 1203 1771 1244 in

375 1266 684 1316 Decretalibus,
727 1271 965 1320 putantque
1005 1265 1178 1320 quidam
1214 1279 1238 1305 a
1274 1265 1405 1319 pratis
1446 1265 1769 1319 appellationem

379 1330 587 1370 sortitum.
609 1329 821 1383 Oppidum
838 1335 898 1368 est
912 1335 1000 1368 tam
1015 1343 1140 1383 opere
1158 1343 1286 1383 quam
1303 1335 1458 1369 natura
1472 1330 1552 1369 loci
1573 1331 1768 1372 munitis-

376 1394 545 1443 simum,
576 1393 690 1447 quod
717 1398 765 1432 ut
788 1398 939 1432 caetera
960 1406 1066 1446 pene
1084 1396 1226 1435 onmia
1246 1395 1429 1434 lanificio
1451 1409 1500 1435 ac
1523 1397 1768 1437 mercaturis

375 1464 552 1497 constat.
577 1457 691 1497 Anni
716 1463 813 1497 sunt
840 1463 1006 1497 centum
1036 1462 1320 1514 quadraginta
1346 1467 1438 1500 octo
1458 1491 1469 1510 ,
1501 1474 1597 1500 cum
1620 1461 1666 1500 hi
1690 1463 1767 1502 ob—

373 1521 469 1560 sessi
494 1521 549 1560 ab
573 1519 741 1575 Anglis,
765 1520 968 1560 suburbia
991 1536 1065 1562 sua
1090 1525 1230 1578 ampla
1246 1539 1296 1564 ac
1315 1524 1494 1579 pulchra
1515 1538 1609 1564 cum
1625 1529 1766 1565 tenere

373 1598 458 1624 non
478 1591 646 1639 possent
665 1585 962 1635 incenderunt,
987 1599 1040 1624 ne
1061 1588 1171 1629 hosti
1188 1589 1326 1630 forent
1342 1590 1434 1630 usui
1445 1604 1456 1639 3
1477 1603 1573 1643 quae
1594 1590 1763 1643 quidem

373 1649 485 1689 sacta
512 1663 615 1703 pace
644 1650 863 1703 Philippus
893 1663 1028 1689 comes
1058 1656 1305 1707 cognomine
1336 1654 1500 1705 Audax,
1525 1655 1578 1694 ob
1600 1655 1764 1696 crebros

373 1713 446 1767 qui
470 1713 567 1753 inde
598 1714 819 1754 existerent
852 1720 1008 1765 motus,
1042 1720 1204 1759 restitui
1235 1734 1321 1759 non
1351 1719 1466 1768 sivit,
1506 1719 1578 1759 sed
1603 1719 1763 1761 incolas

372 1778 474 1818 alios
494 1779 771 1833 Popringam,
796 1780 897 1819 alios
918 1780 1205 1833 Viroviacum,
1224 1783 1517 1836 Meninasque,
1542 1788 1584 1821 et
1604 1783 1659 1822 ad
1679 1784 1763 1824 alia

371 1842 582 1883 Flandriae
597 1844 767 1883 castella
791 1844 922 1894 misit,
946 1858 996 1884 ac
1017 1846 1131 1886 velut
1149 1847 1194 1886 in
1215 1848 1397 1887 colonias
1419 1846 1647 1886 distribuit.
1672 1846 1761 1887 Ad-

370 1910 630 1949 ministratur
644 1909 923 1964 Hyprensium
939 1910 1175 1964 respublica
1190 1924 1302 1949 more
1318 1911 1495 1950 aliorum
1510 1909 1760 1963 oppidorum

368 1972 579 2013 Flandriae
614 1987 689 2028 per
726 1987 800 2013 sua
837 1974 1076 2027 privilegia,
1115 1988 1297 2028 ususque
1335 1988 1385 2013 ac
1419 1975 1755 2015 consuetudines.

367 2037 635 2092 Magistratus
653 2037 782 2077 habet
801 2038 933 2077 trinos
963 2038 1182 2088 Tutorem,
1207 2038 1435 2078 Praetorem
1456 2052 1685 2089 summum,
1709 2053 1759 2079 ac

367 2102 595 2143 Praetorem
616 2108 856 2157 portanum.
877 2103 1050 2143 Constat
1071 2107 1112 2140 et
1130 2100 1280 2140 horum
1301 2107 1467 2140 senatus
1484 2115 1534 2140 ex
1549 2101 1752 2152 Scabinis,

368 2180 470 2220 quos
499 2173 668 2216 vocant,
696 2166 918 2217 tredecim,
946 2167 1060 2220 iique
1084 2166 1129 2205 in
1154 2178 1312 2204 morem
1337 2165 1515 2204 aliarum
1539 2163 1755 2204 civitatum

364 2236 562 2270 creantur
609 2230 756 2270 annui.
811 2229 885 2270 Est
926 2236 1129 2285 praetcrea
1173 2228 1458 2283 Hyprensibus
1503 2230 1748 2280 vicecomes,

366 2295 646 2350 Burggravius
675 2295 885 2335 teutonice
920 2296 1069 2336 dictus.
1103 2296 1261 2336 Horum
1296 2294 1340 2333 in
1369 2293 1451 2333 fide
1481 2308 1531 2334 ac
1559 2295 1752 2336 clientela

366 2375 450 2400 esse
475 2361 672 2401 dicuntur
695 2360 927 2401 Orientales
955 2361 1139 2415 ipsorum
1168 2357 1370 2409 ambacti,
1399 2356 1644 2408 Balliolum,
1668 2358 1750 2399 Po-

139 2583 161 2597 0<
171 2582 196 2596 νε),

1051 331 1997 386 (73)-ᾑ-*ἣῗῶ

1956 331 2006 383 ἕξ
