2372 3082
611 557 790 597 thildem
810 556 941 596 filiam
973 553 1232 609 Adelphonsi
1262 556 1369 610 regis
1398 555 1629 596 Lusitaniae
1649 571 1795 597 uxores
1816 556 2012 610 deinceps
2067 578 2070 580 >

612 621 784 671 habuit,
824 621 1006 661 moriens
1042 621 1086 660 i'n
1123 620 1243 675 Syria
1278 635 1459 660 sororem
1495 620 1768 675 Margaritam
1807 621 2014 661 Hanoniae

614 687 757 727 comiti
796 693 976 742 nuptam
1017 687 1279 740 nuncupavit
1323 687 1550 727 haeredem.
1603 686 1711 726 Tum
1756 687 1945 726 avulsum
1990 701 2015 726 a

614 753 819 794 Flandria
847 753 1081 802 Artesium‚
1110 753 1225 806 quod
1251 753 1296 792 in
1327 753 1467 793 dotem
1498 753 1619 792 cessit
1648 752 1838 792 Isahellae
1869 752 2015 793 Elsatii

613 818 804 873 Philippi
822 818 955 872 nepti,
975 818 1139 858 Franco
1156 818 1245 871 regi
1262 819 1449 858 elocatae.
1470 819 1605 873 Igitur
1621 817 1851 871 Margarita
1860 817 2018 856 Elsatia

613 899 750 925 comes
766 884 981 924 Flandriae
1000 884 1046 923 in
1063 884 1209 924 ordine
1230 885 1586 939 septimadecima,
1607 884 1678 924 sed
1699 882 1884 924 foeminei
1900 897 2018 924 sexus

612 949 751 1004 prima
789 949 992 1003 desponsa
1033 948 1172 989 fuerat
1209 950 1393 1004 primum
1438 949 1665 1004 Rodulpho
1696 948 2014 997 Veromanduo,

612 1014 832 1070 Rodulphi
864 1015 1026 1054 comitis
1056 1014 1162 1064 filio,
1198 1015 1266 1053 cui
1297 1021 1469 1068 propter
1500 1015 1774 1069 elephantiae,
1810 1028 1895 1068 quo
1928 1019 2018 1053 erat

613 1079 793 1119 infectus
821 1079 987 1129 morbo,
1017 1079 1220 1118 nuncium
1254 1080 1435 1129 remisit,
1468 1093 1595 1133 seque
1629 1077 1774 1135 junxit
1809 1079 2018 1119 Balduino

614 1146 869 1199 cognomine
891 1143 1106 1193 AnimosO,
1128 1144 1289 1183 comitis
1306 1143 1514 1184 Hanoniae
1534 1144 1731 1184 Balduini
1753 1143 1859 1194 filio,
1884 1143 2020 1184 haere-

615 1210 765 1264 dique,
786 1224 835 1249 ex
851 1223 935 1263 quo
952 1208 1104 1248 liberos
1120 1221 1255 1247 mares
1271 1214 1354 1248 tres
1374 1222 1424 1248 ac
1444 1209 1619 1248 totidem
1639 1209 1790 1249 hahuit
1810 1209 2017 1260 foeminas,

569 1291 574 1295 ·
613 1274 873 1314 Balduinum
880 1304 891 1323 ,
910 1273 1137 1313 Henricum
1144 1304 1155 1323 ,
1171 1272 1434 1328 Philippum,
1446 1272 1620 1323 Elisam,
1633 1273 1658 1312 J
1661 1275 1769 1313 olem
1774 1306 1784 1324 ,
1798 1274 2015 1329 Sybillam.

672 1340 904 1380 Balduinus
941 1339 1271 1394 primogenitus,
1315 1339 1605 1393 Henricusque
1643 1345 1685 1379 et
1713 1338 1806 1379 Jole
1841 1338 2016 1390 Graecis,

613 1404 836 1459 Philippus
853 1404 1205 1446 Namurcensihus
1221 1406 1496 1460 imperitavit,
1516 1405 1706 1459 obiitque
1727 1405 1845 1445 nulla
1860 1406 2015 1445 sobole.

613 1469 989 1510 Henrioo-invenio
1021 1470 1148 1510 fuisse
1179 1485 1351 1510 uxorem
1388 1470 1519 1509 filiam
1557 1470 1671 1509 Petri
1700 1471 2019 1511 Nivernensium

614 1536 738 1575 simul
767 1535 1176 1575 Antisiodorensium
1206 1535 1389 1584 comitis,
1420 1548 1517 1588 quae
1547 1535 1731 1575 toxicum
1751 1535 1814 1575 illi
1834 1536 2014 1585 dedisse,

614 1615 664 1641 ac
695 1606 874 1641 mortem
910 1602 1108 1641 obtulisse
1144 1601 1300 1642 ferunt.
1341 1601 1455 1641 Elisa
1491 1601 1579 1654 regi
1617 1600 1815 1654 Philippo
1851 1601 2014 1654 nupsit,

612 1666 726 1706 unde
756 1665 993 1708 Ludovicus
1025 1673 1161 1717 satus,
1201 1668 1336 1707 sancti
1374 1666 1484 1720 regis
1518 1667 1720 1706 Ludovici
1756 1672 1891 1720 pater.
1927 1665 2020 1705 Jole

614 1737 795 1786 nuptum
841 1733 983 1773 datam
1025 1732 1150 1772 Petro
1200 1733 1343 1772 comiti
1394 1730 1725 1772 Altisiodorensi.
1778 1731 1889 1771 Hinc
1938 1731 2019 1770 orti

615 1797 826 1837 Robertus
862 1797 1105 1838 Graecorum
1146 1797 1379 1852 Augustus,
1420 1812 1470 1836 ac
1506 1797 1727 1851 Philippus
1764 1810 1900 1836 comes
1935 1795 2019 1836 Na-

615 1864 914 1903 murcensium.
939 1860 1125 1903 'Girardo
1157 1863 1469 1916 Lucehurgensi
1503 1861 1844 1915 Ligniacensium
1876 1861 2018 1900 comiti

615 1928 818 1982 Sibyllam
843 1929 934 1982 lego
958 1928 1178 1978 traditam,
1204 1929 1386 1982 indeque
1415 1927 1801 1979 Lucehurgensium
1828 1927 2019 1980 Fanique

615 1991 737 2032 Pauli
775 1993 975 2032 comitum
1014 1994 1141 2047 longa
1182 1993 1445 2047 cognationis
1481 1992 1585 2031 serie
1626 1998 1786 2031 cretum
1823 1997 2012 2031 stemma.

615 2055 847 2096 Balduinus
874 2071 1011 2097 comes
1036 2058 1248 2098 Flandriae
1276 2057 1586 2110 Hanoniaeque,
1613 2069 1662 2095 ac
1687 2055 1827 2097 Caesar
1847 2056 2017 2097 Graeco-

614 2135 729 2170 rum,
754 2128 927 2176 accepta
952 2138 1077 2163 uxore
1100 2124 1232 2164 Maria
1252 2123 1422 2162 Henrici
1448 2121 1609 2161 comitis
1630 2121 1879 2162 Tricassium
1903 2122 1993 2162 filia
2002 2154 2012 2173 ,

614 2186 844 2240 eademque
889 2188 1075 2242 Philippi
1118 2188 1296 2242 Augusti
1340 2187 1599 2227 Francorum
1640 2188 1747 2241 regis
1788 2201 1838 2226 ex
1877 2201 2015 2226 sorore

615 2257 758 2304 nepte,
783 2252 881 2291 tulit
911 2252 1018 2292 filias
1044 2254 1216 2292 omnino
1248 2253 1370 2302 duas,
1401 2252 1612 2292 Joannam
1644 2258 1685 2290 et
1719 2252 2007 2306 Margaritam.

671 2315 840 2355 Joanna
875 2317 1023 2356 amisso
1060 2324 1179 2371 patre
1214 2332 1302 2357 rem
1336 2317 1604 2358 Flandricam
1639 2317 1833 2371 suscepit.
1875 2317 2011 2356 Semel

613 2386 741 2435 atque
771 2383 923 2423 iterum
955 2384 1097 2437 nupsit
1130 2389 1310 2437 utroque
1342 2383 1610 2422 matrimonio
1642 2383 1793 2431 sterili,
1829 2382 2010 2435 primum

2045 2638 2153 2657 Q
2164 2633 2177 2648 t
2184 2637 2193 2643 ι*
2199 2635 2208 2650 s}
2215 2634 2247 2650 tm„

2228 2590 2247 2616 VK
2236 2550 2248 2563 ,Χ

2111 2648 2193 2667 »ίκὲἒῖιᾮ
2197 2646 2247 2668 {EQ
