2372 3082
369 319 386 335 θ

436 337 465 373 (⁰⁹³

1274 308 2187 364 (6Ἥῆ

614 550 821 592 Flandros
850 563 926 589 nos
958 547 1128 587 demum
1158 546 1307 586 dictos.
1340 545 1422 585 Sed
1453 545 1573 594 satis,
1606 549 1656 584 ut
1685 543 1855 599 opinor,
1889 558 2017 600 supra
2043 557 2046 558 ⁷

614 615 847 670 expositum
874 619 935 653 est
961 614 1094 654 multo
1121 612 1338 667 antiquius
1362 610 1577 653 Flandriae
1598 624 1682 650 esse
1702 625 1878 662 nomen,
1903 611 2018 666 quod

615 682 689 722 alii
719 682 774 721 ab
806 679 1067 720 Flandberto
1097 679 1310 735 principe,
1345 678 1419 718 alii
1449 693 1475 718 a
1508 676 1679 716 flatibus
1715 691 1786 717 seu
1819 678 2018 718 fluetibus

613 748 789 788 marinis
810 747 964 801 quihus
991 747 1118 801 sylvae
1139 743 1317 800 objectae
1338 744 1501 784 assidue
1521 742 1795 793 resonabant,
1829 757 2019 783 manasse

615 819 789 868 putant,
817 826 866 852 ao
890 811 1114 851 Flandrias
1138 810 1260 849 initio
1287 809 1407 863 quasi
1436 808 1589 848 flantes
1616 813 1749 847 terras
1775 808 2020 862 incolasque

614 893 692 933 pro
734 877 766 916 F
771 877 1024 916 lanterranis
1067 876 1381 915 Flanterrenses
1421 874 1553 914 dietos
1567 905 1580 925 ,
1624 873 1705 913 nisi
1749 872 1856 913 forte
1894 874 2021 927 longe

614 943 753 984 verior
783 942 836 981 sit
860 956 1006 981 eorum
1037 941 1203 995 opini0‚
1233 941 1307 994 qui
1333 940 1461 980 etiam
1488 946 1587 980 ante
1612 939 1872 979 dominicum
1897 944 2021 979 nata-

614 1009 699 1049 lem
723 1008 981 1048 Pleumosios
1007 1007 1090 1047 sive
1116 1006 1371 1045 Fleumosios
1396 1020 1471 1045 nos
1499 1005 1631 1045 dictos
1663 1004 1915 1044 confirmant
1924 1034 1935 1054 ,
1972 1016 2021 1043 ao

615 1075 715 1114 inde
743 1074 1061 1128 Flamingorum
1092 1071 1329 1112 derivatum
1359 1085 1514 1111 nomen
1543 1070 1778 1110 mutatione
1813 1068 2023 1108 nonnulla

616 1140 853 1179 literarum.

671 1204 942 1258 Engerranus
962 1202 1156 1257 Lyderiei
1176 1202 1285 1241 filius
1305 1202 1439 1241 fertur
1459 1202 1656 1241 habuisse
1680 1202 1725 1241 in
1751 1202 2022 1242 matrimonio

614 1271 745 1310 filiam
769 1267 961 1324 praefecti
982 1266 1153 1306 Castelli
1181 1266 1450 1307 Antoniensis
1479 1267 1553 1320 qui
1580 1266 1691 1305 idem
1718 1265 1842 1306 fuisse
1869 1266 2024 1305 dieitur

616 1334 719 1375 Viee
735 1348 871 1375 comes
887 1331 1137 1382 Gandensis,
1157 1346 1242 1386 quo
1259 1346 1309 1371 ex
1323 1331 1592 1371 matrimonio
1615 1336 1858 1385 procreatus
1876 1330 2023 1370 Anda-

619 1400 720 1440 oher
747 1399 1061 1439 Harlebeoanus
1086 1396 1344 1436 Balduinum
1370 1395 1520 1435 extulit
1545 1395 1795 1448 cognomine
1824 1395 2024 1435 Ferreum

618 1468 803 1522 primum
818 1464 1115 1504 Flandriarum
1132 1462 1343 1501 comitem.
1368 1461 1518 1501 Uxoris
1542 1459 1759 1500 Andaohri
1780 1460 1889 1499 nihil
1911 1466 2025 1500 extat

621 1531 757 1586 (quod
799 1530 948 1581 sciam)
990 1527 1223 1577 memoriae,
1273 1527 1355 1566 nisi
1399 1526 1514 1580 quod
1557 1525 1732 1579 quidam
1784 1525 2026 1564 existimant

619 1598 805 1639 sobolem
852 1595 978 1636 fuisse
1026 1593 1215 1649 praefecti
1257 1593 1392 1633 Castri
1437 1590 1731 1646 SeythivensiS.
1780 1589 2026 1643 Engerrano

621 1669 828 1720 praeterea
872 1666 970 1701 sunt
1013 1659 1087 1714 qui
1128 1659 1302 1699 tradant
1342 1657 1450 1697 filias
1492 1656 1617 1696 fuisse
1659 1656 1937 1709 Margaritam
1979 1670 2029 1696 ae

622 1730 835 1770 Joannam
872 1726 1077 1780 virginem
1116 1724 1329 1765 vestalem.
1372 1722 1514 1762 Ferrei
1550 1735 1704 1762 nomen
1744 1736 1820 1776 per
1856 1735 2028 1762 uxorem

622 1793 951 1834 illustrissimum
979 1790 1075 1830 fuit.
1107 1789 1171 1828 Ea
1201 1794 1291 1828 erat
1320 1787 1498 1827 Juditha
1529 1786 1669 1826 Caroli
1702 1786 1820 1828 Calvi
1852 1786 2028 1827 Caesaris

624 1860 970 1911 Francorumque
1000 1855 1109 1910 regis
1144 1855 1233 1895 filia
1268 1868 1318 1894 ex
1360 1853 1668 1894 Hermentrude
1704 1853 1844 1906 priore
1881 1867 2023 1893 uxore.

626 1924 769 1965 Liberi
799 1923 901 1964 hino
924 1922 1115 1978 prodiere
1146 1920 1320 1961 Carolus
1344 1919 1418 1974 qui
1443 1932 1530 1958 non
1556 1918 1826 1972 perennavit,
1855 1917 2030 1957 Baldui-

628 2004 706 2030 nus
754 1989 1054 2028 Flandriarum
1105 1986 1299 2040 princeps
1319 2016 1331 2035 ,
1387 1984 1618 2037 comesque
1667 1982 2030 2023 Cameracensium

628 2052 895 2107 Rodulphus.
939 2051 1150 2093 Balduino
1194 2049 1320 2090 Calvo
1359 2063 1463 2089 uxor
1499 2048 1580 2088 fuit
1620 2048 1824 2088 Elstrudis
1863 2047 2030 2101 (Ethel-

631 2118 766 2160 sunda
796 2123 948 2158 vocant
973 2116 1166 2172 quidam)
1197 2116 1306 2169 regis
1334 2113 1569 2169 Anglorum
1597 2113 1757 2153 Elfredi
1789 2114 1901 2164 filia,
1932 2113 2032 2154 libe-

631 2186 754 2239 rique
784 2198 833 2223 ex
868 2197 918 2222 ea
954 2182 1252 2221 Flandriarum
1282 2180 1428 2220 Comes
1457 2178 1704 2234 Arnulphus
1735 2184 1777 2218 et
1809 2178 2030 2233 Adulphus

632 2263 769 2290 eomes
812 2248 1028 2288 Bononiae.
1084 2244 1330 2300 Arnulphus
1377 2259 1512 2284 eomes
1558 2246 1719 2299 aceepit
1762 2258 1935 2284 uxorem
1983 2258 2032 2283 ex

631 2312 925 2356 veromanduis
946 2311 1104 2351 Alisam
1125 2311 1296 2351 Heberti
1316 2310 1478 2350 comitis
1506 2310 1657 2360 filiam,
1687 2323 1784 2364 quae
1807 2308 1907 2349 feeit
1935 2322 2031 2348 eum

635 2377 864 2429 Balduino,
905 2376 1119 2429 Elstrucle‚
1162 2375 1460 2431 Lutgarcleque
1501 2381 1734 2430 parentem.
1777 2375 1841 2415 Ex
1874 2374 1923 2414 iis
1957 2373 2031 2412 El-
