2372 3082
418 337 1104 375 —-—--——-——<ae›
1146 331 1995 387 ss———ss-st

1943 388 1987 430 Ὁ

1942 431 1963 505 s

173 418 185 476 *a
145 323 197 402 &a

204 326 287 375 ie}

431 555 764 610 Undetrigesimo
818 555 943 612 hujus
997 558 1138 598 saeculi
1181 573 1292 600 anno
1335 562 1528 602 autumni
1570 568 1757 617 tempore

372 622 727 675 pestilentissimus
752 622 796 661 in
827 621 975 675 Belgas
996 624 1157 676 ingruit
1186 625 1376 675 morbus,
1408 626 1631 681 Anglicam
1660 630 1757 683 qui-

373 687 489 737 dam,
514 688 585 727 alii
606 688 826 727 sudantem
851 688 1059 727 vocabant
1079 689 1374 742 pestilentiam.
1405 692 1512 731 Sunt
1531 694 1604 746 qui
1626 707 1756 746 genus

372 752 495 792 fuisse
529 759 681 807 putant
712 753 961 807 ephemerae.
997 753 1186 807 Correpti
1215 769 1265 794 ea
1294 762 1409 809 peste
1429 757 1580 809 grandi
1600 759 1759 798 extrin-

373 832 487 858 secus
508 819 739 859 urebantur
767 818 943 872 frigore,
974 825 1177 873 tantoque
1197 820 1310 860 intus
1335 828 1529 861 aestuasse
1560 822 1759 862 dicuntur

372 883 528 933 calore,
565 889 613 923 ut
656 885 769 925 intra
809 884 932 924 horas
977 885 1127 938 viginti
1167 892 1350 939 quatuor
1395 888 1754 940 extinguerentur.

372 946 538 987 Periere
568 947 717 1002 Brugis
746 949 840 1003 plus
875 950 1011 988 minus
1046 950 1246 1000 trecenti,
1286 965 1335 990 ac
1361 952 1552 993 Gandavi
1582 951 1669 991 fere
1690 958 1755 991 to-

371 1010 501 1049 tidem
532 1012 777 1064 priusquam
799 1012 992 1063 cognosci
1013 1012 1099 1050 lues
1131 1026 1180 1051 ac
1200 1015 1342 1066 parari
1364 1020 1531 1067 possent
1550 1016 1749 1055 remedia.

370 1075 550 1114 Consilio
585 1076 756 1115 tandem
792 1077 960 1116 invento
970 1108 980 1127 ,
1023 1082 1096 1116 aut
1129 1092 1251 1117 nemo
1282 1085 1356 1118 aut
1392 1084 1503 1118 certe
1536 1082 1751 1133 perpauci.

369 1138 583 1179 Summum
620 1146 710 1180 erat
748 1141 979 1180 remedium
1014 1132 1327 1197 cumprimum
1364 1150 1694 1198 occuparentur,
1730 1160 1755 1185 a

368 1201 523 1256 frigore
553 1203 619 1243 vel
638 1206 872 1245 minusculo
894 1220 944 1244 ac
964 1220 1107 1246 somno
1138 1209 1361 1248 custodisse
1390 1216 1517 1264 atque
1539 1225 1561 1250 e
1581 1211 1751 1265 vestigio

367 1269 411 1308 in
436 1270 598 1310 lectulis
627 1270 773 1311 fovisse
805 1272 859 1311 ad
887 1272 992 1311 bene
1019 1272 1270 1311 sudandum.
1305 1273 1397 1313 Tali
1427 1274 1644 1314 sudatione
1665 1276 1753 1315 exi-

367 1335 477 1375 tialis
497 1336 568 1375 ille
590 1337 703 1376 calor
723 1336 862 1390 frangi
884 1338 1128 1391 putabatur.
1154 1338 1281 1377 Nulla
1310 1353 1374 1379 res
1396 1345 1540 1393 postea
1559 1339 1749 1380 homines

366 1408 485 1442 natos
526 1402 757 1456 Brugenses
804 1403 907 1442 adeo
939 1404 1220 1444 consternavit
1256 1405 1519 1446 exterruitve.
1568 1404 1748 1446 Vidisses

366 1472 453 1506 tota
483 1469 588 1508 urbe
616 1474 869 1508 testamenta
900 1469 1080 1523 signari,
1113 1470 1294 1509 rationes
1323 1472 1492 1522 confici,
1518 1472 1748 1511 simultates

365 1533 534 1585 deponi,
563 1534 737 1572 offensas
767 1549 979 1587 noxasque
1008 1534 1186 1572 invicem
1218 1535 1511 1584 condemnari,
1537 1536 1591 1574 ad
1612 1550 1749 1575 sacer-

365 1596 498 1646 dotes,
525 1597 579 1636 ad
600 1597 776 1650 templa,
803 1597 856 1636 ad
875 1611 967 1637 aras
998 1597 1139 1636 multis
1171 1612 1266 1637 cum
1297 1598 1521 1653 lachrymis
1552 1599 1745 1653 confugi,

365 1659 690 1713 supplicationes
736 1660 1007 1713 locorumque
1042 1675 1253 1702 sacrorum
1293 1665 1556 1704 circuitiones
1592 1665 1749 1719 ubique

365 1723 470 1763 fieri.
505 1724 554 1763 In
586 1724 634 1762 iis
665 1724 862 1763 tenellam
893 1730 1060 1763 aetatem
1085 1728 1302 1782 apendytis
1324 1730 1530 1770 duntaxat
1551 1732 1748 1771 amictam

366 1803 462 1829 cum
508 1788 721 1829 funalibus
765 1790 1032 1842 sequentihus
1076 1805 1184 1843 pone
1236 1794 1479 1845 parentibus
1529 1795 1745 1845 incedere,

365 1860 492 1908 atque
517 1854 570 1893 ad
589 1855 810 1894 delubrum
832 1856 1084 1895 sacrosancti
1111 1857 1325 1910 sanguinis
1354 1859 1414 1898 ire
1442 1861 1745 1914 supplicatum,

364 1919 472 1959 nihil
501 1932 679 1972 usquam
708 1918 799 1957 fieri
839 1920 990 1973 reliqui
1001 1950 1011 1969 ,
1050 1921 1164 1973 quod
1202 1922 1256 1961 ad
1285 1922 1537 1975 placandam
1567 1924 1750 1963 numinis

363 1986 469 2025 iram
490 1984 887 2039 impetrandamque
911 2000 1058 2040 pacem
1089 1988 1317 2028 coelestium
1348 1990 1557 2043 pertinere
1587 1990 1749 2030 videre-

362 2055 446 2088 tur.

435 2111 526 2151 Non
569 2113 754 2165 pagatim
805 2112 978 2152 Flandri
1027 2115 1184 2154 circum
1226 2117 1383 2168 templa
1426 2123 1473 2156 ut
1521 2117 1748 2171 plaeraeque

363 2177 571 2225 nationes,
608 2177 679 2216 sed
716 2177 933 2231 dispersim
970 2192 1044 2232 per
1074 2193 1193 2233 agros
1232 2182 1451 2235 sylvasque
1487 2184 1645 2223 colunt.
1681 2184 1746 2223 Ibi

363 2256 437 2282 sua
458 2243 633 2296 quisque
663 2257 783 2293 arva,
817 2243 969 2297 sylvas,
1004 2251 1146 2298 prata,
1181 2261 1335 2300 pascua
1354 2279 1363 2297 ,
1399 2250 1588 2302 pomaria
1614 2250 1746 2303 possi-

364 2307 477 2346 dent.
497 2306 763 2357 venationes,
783 2309 977 2363 aucupia,
999 2310 1245 2363 piscationes
1261 2328 1356 2352 cum
1372 2315 1516 2368 primis
1533 2322 1740 2355 exercent.

364 2372 523 2423 Ccrvis,
567 2373 798 2427 leporibus,
844 2375 1067 2426 cuniculis,
1115 2377 1310 2431 aprisque
1352 2392 1401 2418 ac
1436 2380 1575 2419 avium
1610 2380 1743 2419 omnis

226 2635 302 2658 Q-
392 2607 1976 2666 fflss———ss—-T-——ss—&ss
